Price,Quantity,TradeID,RecTimestamp,Syn_id||trades_meme,Batch_uid||trades_meme,CRC,__timestamp,__str_iso_timestamp,bid,ask,bid_size,ask_size,Syn_id||bidask_meme,Batch_uid||bidask_meme
,,,,,,,1699111320100,2023-11-04T15:22:00.091Z,0.02455,0.024557,22658.0,6140.0,105082,59766
,,,,,,,1699111320200,2023-11-04T15:22:00.192Z,0.024541,0.024551,18690.0,6071.0,105083,59766
0.024547,4358.0,1511222,1699111320624,69783,33312,65031,1699111320300,2023-11-04T15:22:00.292Z,0.024535,0.024551,16427.0,6071.0,105084,59766
0.024547,4358.0,1511222,1699111320624,69783,33312,65031,1699111320400,2023-11-04T15:22:00.393Z,0.024535,0.024548,16427.0,16886.0,105085,59766
0.024547,4358.0,1511222,1699111320624,69783,33312,65031,1699111320500,2023-11-04T15:22:00.494Z,0.024534,0.02455,30037.0,16886.0,105086,59766
0.024547,4358.0,1511222,1699111320624,69783,33312,65031,1699111320600,2023-11-04T15:22:00.593Z,0.024535,0.024548,15975.0,16886.0,105087,59766
0.024547,4358.0,1511222,1699111320624,69783,33312,65031,1699111320700,2023-11-04T15:22:00.693Z,0.024533,0.024547,146056.0,4625.0,105088,59766
0.024547,4358.0,1511222,1699111320624,69783,33312,65031,1699111320800,2023-11-04T15:22:00.793Z,0.024534,0.024547,16427.0,4625.0,105089,59766
0.024547,4358.0,1511222,1699111320624,69783,33312,65031,1699111320900,2023-11-04T15:22:00.894Z,0.024536,0.024546,16886.0,16886.0,105090,59766
0.024547,4358.0,1511222,1699111320624,69783,33312,65031,1699111321000,2023-11-04T15:22:00.991Z,0.024536,0.024546,37284.0,16886.0,105091,59766
0.024547,4358.0,1511222,1699111320624,69783,33312,65031,1699111321100,2023-11-04T15:22:01.091Z,0.024536,0.024546,56123.0,16886.0,105092,59766
0.024566,2709.0,1511224,1699111321536,69785,33312,21234,1699111321200,2023-11-04T15:22:01.193Z,0.02455,0.024551,16886.0,363.0,105093,59766
0.024566,2709.0,1511224,1699111321536,69785,33312,21234,1699111321300,2023-11-04T15:22:01.294Z,0.02455,0.024551,16886.0,363.0,105094,59766
0.024566,2709.0,1511224,1699111321536,69785,33312,21234,1699111321400,2023-11-04T15:22:01.394Z,0.02455,0.024551,16886.0,363.0,105095,59766
0.024566,2709.0,1511224,1699111321536,69785,33312,21234,1699111321500,2023-11-04T15:22:01.494Z,0.02455,0.024551,16886.0,363.0,105096,59766
0.024566,2709.0,1511224,1699111321536,69785,33312,21234,1699111321600,2023-11-04T15:22:01.594Z,0.024543,0.024556,18532.0,3349.0,105097,59766
0.024566,2709.0,1511224,1699111321536,69785,33312,21234,1699111321700,2023-11-04T15:22:01.691Z,0.024544,0.024556,20398.0,4805.0,105098,59766
0.024566,2709.0,1511224,1699111321536,69785,33312,21234,1699111321800,2023-11-04T15:22:01.790Z,0.024544,0.024556,20398.0,4805.0,105099,59766
0.024566,2709.0,1511224,1699111321536,69785,33312,21234,1699111321900,2023-11-04T15:22:01.891Z,0.024545,0.024562,1456.0,10639.0,105100,59766
0.024541,27259.0,1511229,1699111322336,69790,33312,4122,1699111322000,2023-11-04T15:22:01.994Z,0.024544,0.024554,20398.0,4682.0,105101,59766
0.024554,4070.0,1511230,1699111322426,69791,33312,53493,1699111322100,2023-11-04T15:22:02.093Z,0.024544,0.024554,20398.0,4682.0,105102,59766
0.024554,4070.0,1511230,1699111322426,69791,33312,53493,1699111322200,2023-11-04T15:22:02.194Z,0.024544,0.024553,20398.0,1462.0,105103,59766
0.024554,4070.0,1511230,1699111322426,69791,33312,53493,1699111322300,2023-11-04T15:22:02.294Z,0.024545,0.024555,16886.0,99455.0,105104,59766
0.024554,4070.0,1511230,1699111322426,69791,33312,53493,1699111322400,2023-11-04T15:22:02.395Z,0.024542,0.024554,15968.0,6144.0,105105,59766
0.024554,4070.0,1511230,1699111322426,69791,33312,53493,1699111322500,2023-11-04T15:22:02.494Z,0.024542,0.024554,15968.0,6144.0,105106,59766
0.024554,4070.0,1511230,1699111322426,69791,33312,53493,1699111322600,2023-11-04T15:22:02.592Z,0.024542,0.024554,15968.0,6144.0,105107,59766
0.024554,4070.0,1511230,1699111322426,69791,33312,53493,1699111322700,2023-11-04T15:22:02.694Z,0.024543,0.024555,25930.0,99455.0,105108,59766
0.024554,4070.0,1511230,1699111322426,69791,33312,53493,1699111322800,2023-11-04T15:22:02.796Z,0.024543,0.024555,25930.0,99455.0,105109,59766
0.024554,4070.0,1511230,1699111322426,69791,33312,53493,1699111322900,2023-11-04T15:22:02.897Z,0.024543,0.024555,25930.0,99455.0,105110,59766
0.024554,4070.0,1511230,1699111322426,69791,33312,53493,1699111323000,2023-11-04T15:22:02.996Z,0.024543,0.024553,20398.0,6144.0,105111,59766
0.024554,4070.0,1511230,1699111322426,69791,33312,53493,1699111323100,2023-11-04T15:22:03.091Z,0.024543,0.024553,20398.0,6144.0,105112,59766
0.024554,4070.0,1511230,1699111322426,69791,33312,53493,1699111323200,2023-11-04T15:22:03.195Z,0.024543,0.024553,20398.0,16886.0,105113,59766
0.024537,27680.0,1511235,1699111323565,69796,33312,10009,1699111323300,2023-11-04T15:22:03.296Z,0.024543,0.024553,20398.0,16886.0,105114,59766
0.024537,27680.0,1511235,1699111323565,69796,33312,10009,1699111323400,2023-11-04T15:22:03.395Z,0.024543,0.024553,20398.0,16886.0,105115,59766
0.024537,27680.0,1511235,1699111323565,69796,33312,10009,1699111323500,2023-11-04T15:22:03.491Z,0.024543,0.024553,20398.0,16886.0,105116,59766
0.024537,27680.0,1511235,1699111323565,69796,33312,10009,1699111323600,2023-11-04T15:22:03.597Z,0.024541,0.024554,16271.0,6144.0,105117,59766
0.024537,27680.0,1511235,1699111323565,69796,33312,10009,1699111323700,2023-11-04T15:22:03.697Z,0.024542,0.024555,19134.0,99455.0,105118,59766
0.024537,27680.0,1511235,1699111323565,69796,33312,10009,1699111323800,2023-11-04T15:22:03.791Z,0.024543,0.024555,2447.0,99455.0,105119,59766
0.024537,27680.0,1511235,1699111323565,69796,33312,10009,1699111323900,2023-11-04T15:22:03.893Z,0.024543,0.024555,2447.0,99455.0,105120,59766
0.024537,27680.0,1511235,1699111323565,69796,33312,10009,1699111324000,2023-11-04T15:22:03.999Z,0.024543,0.024555,2447.0,99455.0,105121,59766
0.024555,360.0,1511237,1699111324449,69798,33312,38712,1699111324100,2023-11-04T15:22:04.095Z,0.024545,0.024554,1974.0,16886.0,105122,59766
0.024554,3665.0,1511238,1699111324454,69799,33312,29665,1699111324200,2023-11-04T15:22:04.198Z,0.024545,0.024554,1974.0,16886.0,105123,59766
0.024554,3665.0,1511238,1699111324454,69799,33312,29665,1699111324300,2023-11-04T15:22:04.295Z,0.024545,0.024554,1974.0,16886.0,105124,59766
0.024554,3665.0,1511238,1699111324454,69799,33312,29665,1699111324400,2023-11-04T15:22:04.391Z,0.024545,0.024554,1974.0,16886.0,105125,59766
0.024554,3665.0,1511238,1699111324454,69799,33312,29665,1699111324500,2023-11-04T15:22:04.490Z,0.024546,0.024554,16886.0,13221.0,105126,59766
0.024554,3665.0,1511238,1699111324454,69799,33312,29665,1699111324600,2023-11-04T15:22:04.593Z,0.024546,0.024554,16886.0,13221.0,105127,59766
0.024554,3665.0,1511238,1699111324454,69799,33312,29665,1699111324700,2023-11-04T15:22:04.696Z,0.024546,0.024555,31249.0,99095.0,105128,59766
0.024554,3665.0,1511238,1699111324454,69799,33312,29665,1699111324800,2023-11-04T15:22:04.794Z,0.024546,0.024555,31249.0,99095.0,105129,59766
0.024554,3665.0,1511238,1699111324454,69799,33312,29665,1699111324900,2023-11-04T15:22:04.895Z,0.024546,0.024555,31249.0,99095.0,105130,59766
0.024554,3665.0,1511238,1699111324454,69799,33312,29665,1699111325000,2023-11-04T15:22:04.993Z,0.024546,0.024555,31249.0,99095.0,105131,59766
0.024554,3665.0,1511238,1699111324454,69799,33312,29665,1699111325100,2023-11-04T15:22:05.094Z,0.024546,0.024555,31249.0,99095.0,105132,59766
0.024554,3665.0,1511238,1699111324454,69799,33312,29665,1699111325200,2023-11-04T15:22:05.196Z,0.024548,0.024555,16886.0,99095.0,105133,59766
0.024554,3665.0,1511238,1699111324454,69799,33312,29665,1699111325300,2023-11-04T15:22:05.299Z,0.024548,0.024555,16886.0,99095.0,105134,59766
0.024554,3665.0,1511238,1699111324454,69799,33312,29665,1699111325400,2023-11-04T15:22:05.394Z,0.024548,0.024555,16886.0,99095.0,105135,59766
0.024554,3665.0,1511238,1699111324454,69799,33312,29665,1699111325500,2023-11-04T15:22:05.494Z,0.024548,0.024555,16886.0,99095.0,105136,59766
0.024554,3665.0,1511238,1699111324454,69799,33312,29665,1699111325600,2023-11-04T15:22:05.594Z,0.024547,0.024554,16886.0,13221.0,105137,59766
0.024554,3665.0,1511238,1699111324454,69799,33312,29665,1699111325700,2023-11-04T15:22:05.692Z,0.024547,0.024554,16886.0,13221.0,105138,59766
0.024554,3665.0,1511238,1699111324454,69799,33312,29665,1699111325800,2023-11-04T15:22:05.795Z,0.024547,0.024554,16886.0,13221.0,105139,59766
0.024554,13221.0,1511239,1699111326194,69800,33312,10658,1699111325900,2023-11-04T15:22:05.898Z,0.024547,0.024554,16886.0,13221.0,105140,59766
0.024554,,,,,,,1699111326000,,0.024547,0.024554,,,,
0.024554,,,,,,,1699111326100,,0.024547,0.024554,,,,
0.024554,13221.0,1511239,1699111326194,69800,33312,10658,1699111326200,2023-11-04T15:22:06.194Z,0.024547,0.024554,16886.0,13221.0,105141,59766
0.024554,13221.0,1511239,1699111326194,69800,33312,10658,1699111326300,2023-11-04T15:22:06.296Z,0.024554,0.024555,7146.0,99095.0,105142,59766
0.024554,13221.0,1511239,1699111326194,69800,33312,10658,1699111326400,2023-11-04T15:22:06.394Z,0.024554,0.024555,7146.0,99095.0,105143,59766
0.024554,13221.0,1511239,1699111326194,69800,33312,10658,1699111326500,2023-11-04T15:22:06.499Z,0.024554,0.024555,7146.0,99095.0,105144,59766
0.024555,897.0,1511240,1699111326888,69801,33312,40021,1699111326600,2023-11-04T15:22:06.596Z,0.024554,0.024555,7146.0,99095.0,105145,59766
0.024555,897.0,1511240,1699111326888,69801,33312,40021,1699111326700,2023-11-04T15:22:06.696Z,0.024554,0.024555,7146.0,99095.0,105146,59766
0.024555,897.0,1511240,1699111326888,69801,33312,40021,1699111326800,2023-11-04T15:22:06.797Z,0.024554,0.024555,7146.0,99095.0,105147,59766
0.024555,327.0,1511241,1699111327235,69802,33312,46666,1699111326900,2023-11-04T15:22:06.895Z,0.024554,0.024555,7146.0,98198.0,105148,59766
0.024555,327.0,1511241,1699111327235,69802,33312,46666,1699111327000,2023-11-04T15:22:06.998Z,0.024554,0.024555,7146.0,98198.0,105149,59766
0.024555,327.0,1511241,1699111327235,69802,33312,46666,1699111327100,2023-11-04T15:22:07.093Z,0.024554,0.024555,7146.0,98198.0,105150,59766
0.024555,327.0,1511241,1699111327235,69802,33312,46666,1699111327200,2023-11-04T15:22:07.196Z,0.024554,0.024555,7146.0,98198.0,105151,59766
0.024555,327.0,1511241,1699111327235,69802,33312,46666,1699111327300,2023-11-04T15:22:07.299Z,0.024554,0.024555,7146.0,97871.0,105152,59766
0.024555,327.0,1511241,1699111327235,69802,33312,46666,1699111327400,2023-11-04T15:22:07.396Z,0.024554,0.024555,7146.0,97871.0,105153,59766
0.024555,327.0,1511241,1699111327235,69802,33312,46666,1699111327500,2023-11-04T15:22:07.499Z,0.024554,0.024555,7146.0,97871.0,105154,59766
0.024555,327.0,1511241,1699111327235,69802,33312,46666,1699111327600,2023-11-04T15:22:07.596Z,0.024554,0.024555,7146.0,97871.0,105155,59766
0.024555,19640.0,1511242,1699111327967,69803,33312,20528,1699111327700,2023-11-04T15:22:07.627Z,0.024554,0.024555,7146.0,97871.0,105155,59766
0.024555,36672.0,1511243,1699111328047,69804,33312,52015,1699111327800,2023-11-04T15:22:07.793Z,0.024554,0.024555,7146.0,97871.0,105157,59766
0.024555,36672.0,1511243,1699111328047,69804,33312,52015,1699111327900,2023-11-04T15:22:07.896Z,0.024554,0.024555,7146.0,97871.0,105158,59766
0.024555,10390.0,1511244,1699111328302,69805,33312,56463,1699111328000,2023-11-04T15:22:07.996Z,0.024554,0.024555,7146.0,78231.0,105159,59766
0.024555,10390.0,1511244,1699111328302,69805,33312,56463,1699111328100,2023-11-04T15:22:08.099Z,0.024554,0.024555,7146.0,41559.0,105160,59766
0.024555,10390.0,1511244,1699111328302,69805,33312,56463,1699111328200,2023-11-04T15:22:08.197Z,0.024554,0.024555,7146.0,41559.0,105161,59766
0.024555,10390.0,1511244,1699111328302,69805,33312,56463,1699111328300,2023-11-04T15:22:08.297Z,0.024554,0.024555,8854.0,41559.0,105162,59766
0.024552,55036.0,1511246,1699111328741,69807,33312,48527,1699111328400,2023-11-04T15:22:08.399Z,0.024554,0.024555,8854.0,31169.0,105163,59766
0.024552,55036.0,1511246,1699111328741,69807,33312,48527,1699111328500,2023-11-04T15:22:08.494Z,0.024554,0.024555,8854.0,31169.0,105164,59766
0.024552,55036.0,1511246,1699111328741,69807,33312,48527,1699111328600,2023-11-04T15:22:08.598Z,0.024554,0.024555,8854.0,31169.0,105165,59766
0.024552,55036.0,1511246,1699111328741,69807,33312,48527,1699111328700,2023-11-04T15:22:08.693Z,0.024554,0.024555,8854.0,31169.0,105166,59766
0.024552,55036.0,1511246,1699111328741,69807,33312,48527,1699111328800,2023-11-04T15:22:08.798Z,0.024553,0.024555,16886.0,31169.0,105167,59766
0.024552,55036.0,1511246,1699111328741,69807,33312,48527,1699111328900,2023-11-04T15:22:08.898Z,0.024553,0.024555,16886.0,31169.0,105168,59766
0.024551,286.0,1511247,1699111329243,69808,33312,56859,1699111329000,2023-11-04T15:22:08.902Z,0.024553,0.024555,16886.0,31169.0,105168,59766
0.024555,27549.0,1511248,1699111329377,69809,33312,12389,1699111329100,2023-11-04T15:22:09.098Z,0.024553,0.024555,16886.0,31169.0,105169,59766
0.024555,,,,,,,1699111329200,,0.024553,0.024555,,,,
0.024555,27549.0,1511248,1699111329377,69809,33312,12389,1699111329300,2023-11-04T15:22:09.297Z,0.02455,0.024555,71957.0,31169.0,105171,59766
0.024555,,,,,,,1699111329400,,0.02455,0.024555,,,,
0.024555,27549.0,1511248,1699111329377,69809,33312,12389,1699111329500,2023-11-04T15:22:09.499Z,0.02455,0.024555,71957.0,3620.0,105173,59766
0.024555,27549.0,1511248,1699111329377,69809,33312,12389,1699111329600,2023-11-04T15:22:09.597Z,0.02455,0.024555,71957.0,3620.0,105174,59766
0.024555,27549.0,1511248,1699111329377,69809,33312,12389,1699111329700,2023-11-04T15:22:09.697Z,0.024554,0.024555,20398.0,3620.0,105175,59766
0.024555,27549.0,1511248,1699111329377,69809,33312,12389,1699111329800,2023-11-04T15:22:09.794Z,0.024554,0.024555,20398.0,3620.0,105176,59766
0.024555,27549.0,1511248,1699111329377,69809,33312,12389,1699111329900,2023-11-04T15:22:09.899Z,0.024554,0.024555,20398.0,3620.0,105177,59766
0.024555,27549.0,1511248,1699111329377,69809,33312,12389,1699111330000,2023-11-04T15:22:09.998Z,0.024554,0.024555,20398.0,3620.0,105178,59766
0.024555,27549.0,1511248,1699111329377,69809,33312,12389,1699111330100,2023-11-04T15:22:10.095Z,0.024554,0.024555,20398.0,3620.0,105179,59766
0.024555,27549.0,1511248,1699111329377,69809,33312,12389,1699111330200,2023-11-04T15:22:10.198Z,0.024554,0.024555,20398.0,3620.0,105180,59766
0.024555,,,,,,,1699111330300,,0.024554,0.024555,,,,
0.024555,27549.0,1511248,1699111329377,69809,33312,12389,1699111330400,2023-11-04T15:22:10.396Z,0.024554,0.024555,20398.0,3620.0,105181,59766
0.024555,27549.0,1511248,1699111329377,69809,33312,12389,1699111330500,2023-11-04T15:22:10.498Z,0.024554,0.024555,20398.0,3620.0,105182,59766
0.024555,,,,,,,1699111330600,,0.024554,0.024555,,,,
0.024555,,,,,,,1699111330700,,0.024554,0.024555,,,,
0.024555,,,,,,,1699111330800,,0.024554,0.024555,,,,
0.024555,27549.0,1511248,1699111329377,69809,33312,12389,1699111330900,2023-11-04T15:22:10.899Z,0.024554,0.024555,20398.0,3620.0,105184,59766
0.024555,27549.0,1511248,1699111329377,69809,33312,12389,1699111331000,2023-11-04T15:22:10.998Z,0.024554,0.024555,20398.0,4428.0,105185,59766
0.024555,27549.0,1511248,1699111329377,69809,33312,12389,1699111331100,2023-11-04T15:22:11.095Z,0.024554,0.024555,20398.0,4428.0,105186,59766
0.024555,1716.0,1511249,1699111331533,69810,33312,1612,1699111331200,2023-11-04T15:22:11.198Z,0.024554,0.024555,20398.0,4428.0,105187,59766
0.024555,1716.0,1511249,1699111331533,69810,33312,1612,1699111331300,2023-11-04T15:22:11.297Z,0.024554,0.024555,20398.0,4428.0,105188,59766
0.024554,1693.0,1511250,1699111331704,69811,33312,17681,1699111331400,2023-11-04T15:22:11.359Z,0.024554,0.024555,20398.0,4428.0,105188,59766
0.024554,1693.0,1511250,1699111331704,69811,33312,17681,1699111331500,2023-11-04T15:22:11.496Z,0.024554,0.024555,20398.0,4428.0,105189,59766
0.024555,2712.0,1511251,1699111331867,69812,33312,14030,1699111331600,2023-11-04T15:22:11.596Z,0.024554,0.024555,20398.0,2712.0,105190,59766
0.024555,,,,,,,1699111331700,,0.024554,0.024555,,,,
0.024555,2712.0,1511251,1699111331867,69812,33312,14030,1699111331800,2023-11-04T15:22:11.795Z,0.024554,0.024555,18705.0,2712.0,105192,59766
0.024555,2712.0,1511251,1699111331867,69812,33312,14030,1699111331900,2023-11-04T15:22:11.896Z,0.024558,0.024559,16886.0,799.0,105193,59766
0.024555,2712.0,1511251,1699111331867,69812,33312,14030,1699111332000,2023-11-04T15:22:11.996Z,0.024558,0.024559,16886.0,799.0,105194,59766
0.024555,2712.0,1511251,1699111331867,69812,33312,14030,1699111332100,2023-11-04T15:22:12.096Z,0.024558,0.024559,16886.0,799.0,105195,59766
0.024555,2712.0,1511251,1699111331867,69812,33312,14030,1699111332200,2023-11-04T15:22:12.197Z,0.024558,0.024559,16886.0,799.0,105196,59766
0.024555,2712.0,1511251,1699111331867,69812,33312,14030,1699111332300,2023-11-04T15:22:12.299Z,0.024558,0.024559,16886.0,799.0,105197,59766
0.024555,,,,,,,1699111332400,,0.024558,0.024559,,,,
0.024555,2712.0,1511251,1699111331867,69812,33312,14030,1699111332500,2023-11-04T15:22:12.497Z,0.024558,0.024559,16886.0,799.0,105199,59766
0.024555,2712.0,1511251,1699111331867,69812,33312,14030,1699111332600,2023-11-04T15:22:12.596Z,0.024558,0.024559,16886.0,799.0,105200,59766
0.024555,,,,,,,1699111332700,,0.024558,0.024559,,,,
0.024555,2712.0,1511251,1699111331867,69812,33312,14030,1699111332800,2023-11-04T15:22:12.799Z,0.024558,0.024559,16886.0,799.0,105202,59766
0.024555,,,,,,,1699111332900,,0.024558,0.024559,,,,
0.024555,,,,,,,1699111333000,,0.024558,0.024559,,,,
0.024555,2712.0,1511251,1699111331867,69812,33312,14030,1699111333100,2023-11-04T15:22:13.001Z,0.024558,0.024559,16886.0,799.0,105203,59766
0.024555,2712.0,1511251,1699111331867,69812,33312,14030,1699111333200,2023-11-04T15:22:13.197Z,0.024558,0.024559,16886.0,799.0,105204,59766
0.024555,2712.0,1511251,1699111331867,69812,33312,14030,1699111333300,2023-11-04T15:22:13.299Z,0.024558,0.024559,16886.0,799.0,105205,59766
0.024555,,,,,,,1699111333400,,0.024558,0.024559,,,,
0.024555,,,,,,,1699111333500,,0.024558,0.024559,,,,
0.024555,2712.0,1511251,1699111331867,69812,33312,14030,1699111333600,2023-11-04T15:22:13.523Z,0.024558,0.024559,16886.0,799.0,105206,59766
0.024555,2712.0,1511251,1699111331867,69812,33312,14030,1699111333700,2023-11-04T15:22:13.698Z,0.024558,0.024559,16886.0,1168.0,105207,59766
0.024555,2712.0,1511251,1699111331867,69812,33312,14030,1699111333800,2023-11-04T15:22:13.796Z,0.024558,0.024559,16886.0,1168.0,105208,59766
0.024555,2712.0,1511251,1699111331867,69812,33312,14030,1699111333900,2023-11-04T15:22:13.898Z,0.024558,0.024559,16886.0,1168.0,105209,59766
0.024555,2712.0,1511251,1699111331867,69812,33312,14030,1699111334000,2023-11-04T15:22:13.996Z,0.024558,0.024559,16886.0,1168.0,105210,59766
0.024555,2712.0,1511251,1699111331867,69812,33312,14030,1699111334100,2023-11-04T15:22:14.096Z,0.024558,0.024559,16886.0,1168.0,105211,59766
0.024555,2712.0,1511251,1699111331867,69812,33312,14030,1699111334200,2023-11-04T15:22:14.197Z,0.024558,0.024559,16886.0,1168.0,105212,59766
0.024555,,,,,,,1699111334300,,0.024558,0.024559,,,,
0.024555,2712.0,1511251,1699111331867,69812,33312,14030,1699111334400,2023-11-04T15:22:14.312Z,0.024558,0.024559,16886.0,1168.0,105213,59766
0.024555,2712.0,1511251,1699111331867,69812,33312,14030,1699111334500,2023-11-04T15:22:14.496Z,0.024558,0.024559,16886.0,1168.0,105214,59766
0.024555,2712.0,1511251,1699111331867,69812,33312,14030,1699111334600,2023-11-04T15:22:14.598Z,0.024558,0.024559,16886.0,1168.0,105215,59766
0.024555,,,,,,,1699111334700,,0.024558,0.024559,,,,
0.024555,2712.0,1511251,1699111331867,69812,33312,14030,1699111334800,2023-11-04T15:22:14.702Z,0.024558,0.024559,16886.0,1168.0,105216,59766
0.024555,2712.0,1511251,1699111331867,69812,33312,14030,1699111334900,2023-11-04T15:22:14.898Z,0.024558,0.024559,37284.0,1168.0,105218,59766
0.024555,,,,,,,1699111335000,,0.024558,0.024559,,,,
0.024555,2712.0,1511251,1699111331867,69812,33312,14030,1699111335100,2023-11-04T15:22:15.098Z,0.024558,0.024559,51647.0,1168.0,105220,59766
0.024555,2712.0,1511251,1699111331867,69812,33312,14030,1699111335200,2023-11-04T15:22:15.199Z,0.024558,0.024559,51647.0,1168.0,105221,59766
0.024555,,,,,,,1699111335300,,0.024558,0.024559,,,,
0.024555,2712.0,1511251,1699111331867,69812,33312,14030,1699111335400,2023-11-04T15:22:15.397Z,0.024558,0.024559,51647.0,1168.0,105223,59766
0.024555,,,,,,,1699111335500,,0.024558,0.024559,,,,
0.024555,2712.0,1511251,1699111331867,69812,33312,14030,1699111335600,2023-11-04T15:22:15.594Z,0.024558,0.024559,51647.0,1168.0,105224,59766
0.024555,,,,,,,1699111335700,,0.024558,0.024559,,,,
0.024555,2712.0,1511251,1699111331867,69812,33312,14030,1699111335800,2023-11-04T15:22:15.798Z,0.024558,0.024559,51647.0,1168.0,105225,59766
0.024555,,,,,,,1699111335900,,0.024558,0.024559,,,,
0.024555,2712.0,1511251,1699111331867,69812,33312,14030,1699111336000,2023-11-04T15:22:15.903Z,0.024558,0.024559,51647.0,1168.0,105226,59766
0.024555,,,,,,,1699111336100,,0.024558,0.024559,,,,
0.024555,2712.0,1511251,1699111331867,69812,33312,14030,1699111336200,2023-11-04T15:22:16.198Z,0.024558,0.024559,51647.0,1168.0,105227,59766
0.024555,,,,,,,1699111336300,,0.024558,0.024559,,,,
0.024555,,,,,,,1699111336400,,0.024558,0.024559,,,,
0.024555,,,,,,,1699111336500,,0.024558,0.024559,,,,
0.024555,2712.0,1511251,1699111331867,69812,33312,14030,1699111336600,2023-11-04T15:22:16.502Z,0.024558,0.024559,51647.0,1168.0,105228,59766
0.024555,2712.0,1511251,1699111331867,69812,33312,14030,1699111336700,2023-11-04T15:22:16.699Z,0.024558,0.024559,51647.0,1659.0,105230,59766
0.024555,2712.0,1511251,1699111331867,69812,33312,14030,1699111336800,2023-11-04T15:22:16.799Z,0.024558,0.024559,51647.0,1659.0,105231,59766
0.024555,2712.0,1511251,1699111331867,69812,33312,14030,1699111336900,2023-11-04T15:22:16.899Z,0.024558,0.024559,51647.0,1659.0,105232,59766
0.024555,15811.0,1511253,1699111337266,69814,33312,64099,1699111337000,2023-11-04T15:22:16.998Z,0.024558,0.024559,51647.0,1659.0,105233,59766
0.024555,,,,,,,1699111337100,,0.024558,0.024559,,,,
0.024555,,,,,,,1699111337200,,0.024558,0.024559,,,,
0.024555,15811.0,1511253,1699111337266,69814,33312,64099,1699111337300,2023-11-04T15:22:17.201Z,0.024558,0.024559,51647.0,1659.0,105234,59766
0.024555,15811.0,1511253,1699111337266,69814,33312,64099,1699111337400,2023-11-04T15:22:17.302Z,0.024552,0.024559,37706.0,1659.0,105235,59766
0.024555,15811.0,1511253,1699111337266,69814,33312,64099,1699111337500,2023-11-04T15:22:17.403Z,0.024552,0.024559,16886.0,1659.0,105236,59766
0.024555,15811.0,1511253,1699111337266,69814,33312,64099,1699111337600,2023-11-04T15:22:17.500Z,0.024552,0.024559,16886.0,1659.0,105237,59766
0.024555,15811.0,1511253,1699111337266,69814,33312,64099,1699111337700,2023-11-04T15:22:17.697Z,0.024553,0.024559,20398.0,1659.0,105239,59766
0.024555,15811.0,1511253,1699111337266,69814,33312,64099,1699111337800,2023-11-04T15:22:17.798Z,0.024558,0.024559,16886.0,1659.0,105240,59766
0.024555,,,,,,,1699111337900,,0.024558,0.024559,,,,
0.024555,15811.0,1511253,1699111337266,69814,33312,64099,1699111338000,2023-11-04T15:22:17.900Z,0.024558,0.024559,16886.0,1659.0,105241,59766
0.024555,,,,,,,1699111338100,,0.024558,0.024559,,,,
0.024558,3560.0,1511254,1699111338462,69815,33312,54867,1699111338200,2023-11-04T15:22:18.121Z,0.024558,0.024559,16886.0,1659.0,105241,59766
0.024558,3560.0,1511254,1699111338462,69815,33312,54867,1699111338300,2023-11-04T15:22:18.200Z,0.024558,0.024559,16886.0,1659.0,105242,59766
0.024558,3560.0,1511254,1699111338462,69815,33312,54867,1699111338400,2023-11-04T15:22:18.304Z,0.024558,0.024559,16886.0,1659.0,105243,59766
0.024558,3560.0,1511254,1699111338462,69815,33312,54867,1699111338500,2023-11-04T15:22:18.404Z,0.024558,0.024559,16886.0,1659.0,105244,59766
0.024558,3560.0,1511254,1699111338462,69815,33312,54867,1699111338600,2023-11-04T15:22:18.501Z,0.024554,0.024559,16861.0,1659.0,105245,59766
0.024558,3560.0,1511254,1699111338462,69815,33312,54867,1699111338700,2023-11-04T15:22:18.601Z,0.024554,0.024559,16861.0,1659.0,105246,59766
0.024555,1000.0,1511255,1699111339111,69816,33312,50466,1699111338800,2023-11-04T15:22:18.770Z,0.024554,0.024559,16861.0,1659.0,105247,59766
0.024555,,,,,,,1699111338900,,0.024554,0.024559,,,,
0.024555,1000.0,1511255,1699111339111,69816,33312,50466,1699111339000,2023-11-04T15:22:18.901Z,0.024555,0.024559,13326.0,2056.0,105248,59766
0.024555,1000.0,1511255,1699111339111,69816,33312,50466,1699111339100,2023-11-04T15:22:19.001Z,0.024555,0.024559,13326.0,2056.0,105249,59766
0.024555,1000.0,1511255,1699111339111,69816,33312,50466,1699111339200,2023-11-04T15:22:19.100Z,0.024555,0.024559,13326.0,2056.0,105250,59766
0.024555,1000.0,1511255,1699111339111,69816,33312,50466,1699111339300,2023-11-04T15:22:19.201Z,0.024555,0.024559,13009.0,2056.0,105251,59766
0.024555,1000.0,1511255,1699111339111,69816,33312,50466,1699111339400,2023-11-04T15:22:19.302Z,0.024555,0.024559,13009.0,2056.0,105252,59766
0.024555,1000.0,1511255,1699111339111,69816,33312,50466,1699111339500,2023-11-04T15:22:19.401Z,0.024555,0.024559,13009.0,2056.0,105253,59766
0.024555,1000.0,1511255,1699111339111,69816,33312,50466,1699111339600,2023-11-04T15:22:19.501Z,0.024555,0.024559,13009.0,2056.0,105254,59766
0.024555,1000.0,1511255,1699111339111,69816,33312,50466,1699111339700,2023-11-04T15:22:19.603Z,0.024555,0.024559,13009.0,2056.0,105255,59766
0.024555,1000.0,1511255,1699111339111,69816,33312,50466,1699111339800,2023-11-04T15:22:19.701Z,0.024555,0.024559,13009.0,2056.0,105256,59766
0.024555,1000.0,1511255,1699111339111,69816,33312,50466,1699111339900,2023-11-04T15:22:19.800Z,0.024555,0.024559,13009.0,2056.0,105257,59766
0.024555,1000.0,1511255,1699111339111,69816,33312,50466,1699111340000,2023-11-04T15:22:19.904Z,0.024555,0.024559,13009.0,2056.0,105258,59766
0.024555,1000.0,1511255,1699111339111,69816,33312,50466,1699111340100,2023-11-04T15:22:20.001Z,0.024555,0.024559,13009.0,2056.0,105259,59766
0.024555,1000.0,1511255,1699111339111,69816,33312,50466,1699111340200,2023-11-04T15:22:20.199Z,0.024555,0.024559,13009.0,2056.0,105261,59766
0.024555,,,,,,,1699111340300,,0.024555,0.024559,,,,
0.024555,1000.0,1511255,1699111339111,69816,33312,50466,1699111340400,2023-11-04T15:22:20.302Z,0.024555,0.024559,13009.0,2056.0,105262,59766
0.024555,,,,,,,1699111340500,,0.024555,0.024559,,,,
0.024555,,,,,,,1699111340600,,0.024555,0.024559,,,,
0.024555,1000.0,1511255,1699111339111,69816,33312,50466,1699111340700,2023-11-04T15:22:20.607Z,0.024555,0.024559,13009.0,2056.0,105263,59766
0.024555,1000.0,1511255,1699111339111,69816,33312,50466,1699111340800,2023-11-04T15:22:20.700Z,0.024555,0.024559,13009.0,2056.0,105264,59766
0.024555,,,,,,,1699111340900,,0.024555,0.024559,,,,
0.024555,1000.0,1511255,1699111339111,69816,33312,50466,1699111341000,2023-11-04T15:22:20.999Z,0.024555,0.024559,13009.0,2056.0,105265,59766
0.024555,,,,,,,1699111341100,,0.024555,0.024559,,,,
0.024555,1000.0,1511255,1699111339111,69816,33312,50466,1699111341200,2023-11-04T15:22:21.101Z,0.024555,0.024559,13009.0,2056.0,105266,59766
0.024555,1000.0,1511255,1699111339111,69816,33312,50466,1699111341300,2023-11-04T15:22:21.202Z,0.024555,0.024559,13009.0,2056.0,105267,59766
0.024555,1000.0,1511255,1699111339111,69816,33312,50466,1699111341400,2023-11-04T15:22:21.304Z,0.024555,0.024559,13009.0,2056.0,105268,59766
0.024555,,,,,,,1699111341500,,0.024555,0.024559,,,,
0.024555,1000.0,1511255,1699111339111,69816,33312,50466,1699111341600,2023-11-04T15:22:21.506Z,0.024555,0.024559,13009.0,2056.0,105269,59766
0.024555,1000.0,1511255,1699111339111,69816,33312,50466,1699111341700,2023-11-04T15:22:21.606Z,0.024555,0.024559,13009.0,2056.0,105270,59766
0.024555,1000.0,1511255,1699111339111,69816,33312,50466,1699111341800,2023-11-04T15:22:21.703Z,0.024555,0.024559,13009.0,2056.0,105271,59766
0.024555,1000.0,1511255,1699111339111,69816,33312,50466,1699111341900,2023-11-04T15:22:21.824Z,0.024555,0.024559,13009.0,2056.0,105272,59766
0.024555,,,,,,,1699111342000,,0.024555,0.024559,,,,
0.024555,1000.0,1511255,1699111339111,69816,33312,50466,1699111342100,2023-11-04T15:22:22.002Z,0.024558,0.024559,12326.0,2056.0,105273,59766
0.024555,1000.0,1511255,1699111339111,69816,33312,50466,1699111342200,2023-11-04T15:22:22.100Z,0.024558,0.024559,12326.0,2056.0,105274,59766
0.024555,1000.0,1511255,1699111339111,69816,33312,50466,1699111342300,2023-11-04T15:22:22.203Z,0.024558,0.024559,12326.0,2056.0,105275,59766
0.024555,1000.0,1511255,1699111339111,69816,33312,50466,1699111342400,2023-11-04T15:22:22.307Z,0.024558,0.024559,12326.0,2056.0,105276,59766
0.024555,1000.0,1511255,1699111339111,69816,33312,50466,1699111342500,2023-11-04T15:22:22.403Z,0.024555,0.024559,683.0,2056.0,105277,59766
0.024555,1000.0,1511255,1699111339111,69816,33312,50466,1699111342600,2023-11-04T15:22:22.502Z,0.024557,0.024559,12326.0,2056.0,105278,59766
0.024555,1000.0,1511255,1699111339111,69816,33312,50466,1699111342700,2023-11-04T15:22:22.603Z,0.024557,0.024559,12326.0,2056.0,105279,59766
0.024555,1000.0,1511255,1699111339111,69816,33312,50466,1699111342800,2023-11-04T15:22:22.727Z,0.024558,0.024559,20360.0,2056.0,105280,59766
0.024555,1000.0,1511255,1699111339111,69816,33312,50466,1699111342900,2023-11-04T15:22:22.804Z,0.024558,0.024559,20360.0,2056.0,105281,59766
0.024557,12326.0,1511257,1699111343315,69818,33312,15403,1699111343000,2023-11-04T15:22:22.971Z,0.024558,0.024559,20360.0,2056.0,105282,59766
0.024555,683.0,1511258,1699111343440,69819,33312,7404,1699111343100,2023-11-04T15:22:23.096Z,0.024558,0.024559,20360.0,2056.0,105283,59766
0.024555,683.0,1511258,1699111343440,69819,33312,7404,1699111343200,2023-11-04T15:22:23.112Z,0.024558,0.024559,37221.0,2056.0,105284,59766
0.024554,13322.0,1511259,1699111343622,69820,33312,22092,1699111343300,2023-11-04T15:22:23.281Z,0.024558,0.024559,37221.0,2056.0,105285,59766
0.024554,13322.0,1511259,1699111343622,69820,33312,22092,1699111343400,2023-11-04T15:22:23.304Z,0.024558,0.024559,37221.0,2056.0,105286,59766
0.024554,13322.0,1511259,1699111343622,69820,33312,22092,1699111343500,2023-11-04T15:22:23.407Z,0.024555,0.024559,683.0,2056.0,105287,59766
0.024554,21230.0,1511260,1699111343921,69821,33312,34036,1699111343600,2023-11-04T15:22:23.579Z,0.02455,0.024554,71957.0,16886.0,105288,59766
0.024554,21230.0,1511260,1699111343921,69821,33312,34036,1699111343700,2023-11-04T15:22:23.603Z,0.02455,0.024554,71957.0,16886.0,105289,59766
0.024554,21230.0,1511260,1699111343921,69821,33312,34036,1699111343800,2023-11-04T15:22:23.705Z,0.024551,0.024555,13322.0,8615.0,105290,59766
0.024553,464.0,1511261,1699111344240,69822,33312,29787,1699111343900,2023-11-04T15:22:23.898Z,0.02455,0.024553,71957.0,17654.0,105291,59766
0.024553,464.0,1511261,1699111344240,69822,33312,29787,1699111344000,2023-11-04T15:22:23.904Z,0.02455,0.024553,71957.0,17654.0,105292,59766
0.024553,464.0,1511261,1699111344240,69822,33312,29787,1699111344100,2023-11-04T15:22:24.001Z,0.024552,0.024554,20360.0,7339.0,105293,59766
0.024553,464.0,1511261,1699111344240,69822,33312,29787,1699111344200,2023-11-04T15:22:24.122Z,0.024553,0.024554,13322.0,7339.0,105294,59766
0.024553,464.0,1511261,1699111344240,69822,33312,29787,1699111344300,2023-11-04T15:22:24.210Z,0.024553,0.024554,13322.0,7339.0,105295,59766
0.024553,464.0,1511261,1699111344240,69822,33312,29787,1699111344400,2023-11-04T15:22:24.305Z,0.024553,0.024554,12858.0,7339.0,105296,59766
0.024553,464.0,1511261,1699111344240,69822,33312,29787,1699111344500,2023-11-04T15:22:24.404Z,0.024553,0.024554,12858.0,7339.0,105297,59766
0.024553,464.0,1511261,1699111344240,69822,33312,29787,1699111344600,2023-11-04T15:22:24.502Z,0.024553,0.024554,12858.0,7339.0,105298,59766
0.024555,2451.0,1511262,1699111345002,69823,33312,9321,1699111344700,2023-11-04T15:22:24.663Z,0.024553,0.024554,12858.0,7339.0,105299,59766
0.024555,2451.0,1511262,1699111345002,69823,33312,9321,1699111344800,2023-11-04T15:22:24.702Z,0.024553,0.024554,12858.0,7339.0,105300,59766
0.024555,2451.0,1511262,1699111345002,69823,33312,9321,1699111344900,2023-11-04T15:22:24.806Z,0.024553,0.024554,12858.0,7339.0,105301,59766
0.024555,2451.0,1511262,1699111345002,69823,33312,9321,1699111345000,2023-11-04T15:22:24.905Z,0.024554,0.024555,12858.0,9596.0,105302,59766
0.024552,14437.0,1511265,1699111345372,69826,33312,47990,1699111345100,2023-11-04T15:22:25.024Z,0.024554,0.024555,12858.0,9596.0,105303,59766
0.024552,14437.0,1511265,1699111345372,69826,33312,47990,1699111345200,2023-11-04T15:22:25.105Z,0.024554,0.024555,12858.0,7145.0,105304,59766
0.024554,792.0,1511266,1699111345639,69827,33312,52286,1699111345300,2023-11-04T15:22:25.298Z,0.024554,0.024555,12858.0,7145.0,105305,59766
0.024554,792.0,1511266,1699111345639,69827,33312,52286,1699111345400,2023-11-04T15:22:25.307Z,0.024554,0.024555,14096.0,7145.0,105306,59766
0.024554,792.0,1511266,1699111345639,69827,33312,52286,1699111345500,2023-11-04T15:22:25.412Z,0.024554,0.024555,12354.0,7145.0,105307,59766
0.024554,792.0,1511266,1699111345639,69827,33312,52286,1699111345600,2023-11-04T15:22:25.504Z,0.024554,0.024555,12354.0,7145.0,105308,59766
0.024554,792.0,1511266,1699111345639,69827,33312,52286,1699111345700,2023-11-04T15:22:25.605Z,0.024554,0.024555,23003.0,7145.0,105309,59766
0.024554,792.0,1511266,1699111345639,69827,33312,52286,1699111345800,2023-11-04T15:22:25.703Z,0.024554,0.024555,32417.0,7145.0,105310,59766
0.024554,792.0,1511266,1699111345639,69827,33312,52286,1699111345900,2023-11-04T15:22:25.806Z,0.024554,0.024555,32417.0,7145.0,105311,59766
0.024554,792.0,1511266,1699111345639,69827,33312,52286,1699111346000,2023-11-04T15:22:25.903Z,0.024554,0.024555,98718.0,7513.0,105312,59766
0.024554,792.0,1511266,1699111345639,69827,33312,52286,1699111346100,2023-11-04T15:22:26.002Z,0.024554,0.024555,98718.0,7513.0,105313,59766
0.024554,792.0,1511266,1699111345639,69827,33312,52286,1699111346200,2023-11-04T15:22:26.102Z,0.024554,0.024555,98718.0,7513.0,105314,59766
0.024552,218.0,1511267,1699111346598,69828,33312,59448,1699111346300,2023-11-04T15:22:26.254Z,0.024554,0.024555,76950.0,7513.0,105315,59766
0.024555,410.0,1511268,1699111346662,69829,33312,43819,1699111346400,2023-11-04T15:22:26.322Z,0.024552,0.024554,5923.0,16886.0,105316,59766
0.024555,410.0,1511268,1699111346662,69829,33312,43819,1699111346500,2023-11-04T15:22:26.406Z,0.024552,0.024554,5923.0,16886.0,105317,59766
0.024555,410.0,1511268,1699111346662,69829,33312,43819,1699111346600,2023-11-04T15:22:26.504Z,0.024552,0.024554,5923.0,16886.0,105318,59766
0.024555,410.0,1511268,1699111346662,69829,33312,43819,1699111346700,2023-11-04T15:22:26.603Z,0.024552,0.024555,5705.0,7513.0,105319,59766
0.024555,410.0,1511268,1699111346662,69829,33312,43819,1699111346800,2023-11-04T15:22:26.704Z,0.024552,0.024555,5705.0,7103.0,105320,59766
0.024555,410.0,1511268,1699111346662,69829,33312,43819,1699111346900,2023-11-04T15:22:26.802Z,0.024552,0.024555,5705.0,7103.0,105321,59766
0.024555,410.0,1511268,1699111346662,69829,33312,43819,1699111347000,2023-11-04T15:22:26.904Z,0.024552,0.024555,5705.0,7103.0,105322,59766
0.024555,410.0,1511268,1699111346662,69829,33312,43819,1699111347100,2023-11-04T15:22:27.005Z,0.024552,0.024555,5705.0,7103.0,105323,59766
0.024555,,,,,,,1699111347200,,0.024552,0.024555,,,,
0.024555,410.0,1511268,1699111346662,69829,33312,43819,1699111347300,2023-11-04T15:22:27.204Z,0.024552,0.024555,5705.0,7103.0,105324,59766
0.024555,410.0,1511268,1699111346662,69829,33312,43819,1699111347400,2023-11-04T15:22:27.308Z,0.024552,0.024555,5705.0,7103.0,105325,59766
0.024555,410.0,1511268,1699111346662,69829,33312,43819,1699111347500,2023-11-04T15:22:27.404Z,0.024552,0.024555,5705.0,7103.0,105326,59766
0.024555,410.0,1511268,1699111346662,69829,33312,43819,1699111347600,2023-11-04T15:22:27.504Z,0.024553,0.024555,28569.0,7103.0,105327,59766
0.024555,410.0,1511268,1699111346662,69829,33312,43819,1699111347700,2023-11-04T15:22:27.606Z,0.024552,0.024555,21657.0,7103.0,105328,59766
0.024555,410.0,1511268,1699111346662,69829,33312,43819,1699111347800,2023-11-04T15:22:27.704Z,0.024552,0.024555,21657.0,7103.0,105329,59766
0.024555,410.0,1511268,1699111346662,69829,33312,43819,1699111347900,2023-11-04T15:22:27.809Z,0.024554,0.024555,12355.0,7103.0,105330,59766
0.024555,410.0,1511268,1699111346662,69829,33312,43819,1699111348000,2023-11-04T15:22:27.922Z,0.024554,0.024555,25413.0,7103.0,105331,59766
0.024555,410.0,1511268,1699111346662,69829,33312,43819,1699111348100,2023-11-04T15:22:28.012Z,0.024554,0.024555,25413.0,7103.0,105332,59766
0.024555,410.0,1511268,1699111346662,69829,33312,43819,1699111348200,2023-11-04T15:22:28.107Z,0.024554,0.024555,28569.0,7103.0,105333,59766
0.024555,410.0,1511268,1699111346662,69829,33312,43819,1699111348300,2023-11-04T15:22:28.205Z,0.024554,0.024555,28569.0,7103.0,105334,59766
0.024555,410.0,1511268,1699111346662,69829,33312,43819,1699111348400,2023-11-04T15:22:28.305Z,0.024554,0.024555,28569.0,7103.0,105335,59766
0.024559,2.0,1511272,1699111348807,69833,33312,37776,1699111348500,2023-11-04T15:22:28.465Z,0.024554,0.024555,28569.0,7103.0,105336,59766
0.024559,2.0,1511272,1699111348807,69833,33312,37776,1699111348600,2023-11-04T15:22:28.505Z,0.024554,0.024555,28569.0,7103.0,105337,59766
0.024559,2.0,1511272,1699111348807,69833,33312,37776,1699111348700,2023-11-04T15:22:28.605Z,0.024554,0.024555,28569.0,7103.0,105338,59766
0.024559,,,,,,,1699111348800,,0.024554,0.024555,,,,
0.024567,1389.0,1511273,1699111349191,69834,33312,5754,1699111348900,2023-11-04T15:22:28.851Z,0.024554,0.024555,28569.0,7103.0,105339,59766
0.024567,1389.0,1511273,1699111349191,69834,33312,5754,1699111349000,2023-11-04T15:22:28.906Z,0.024556,0.024566,1642.0,16886.0,105340,59766
0.024567,1389.0,1511273,1699111349191,69834,33312,5754,1699111349100,2023-11-04T15:22:29.005Z,0.024556,0.024567,1642.0,16886.0,105341,59766
0.024567,1389.0,1511273,1699111349191,69834,33312,5754,1699111349200,2023-11-04T15:22:29.107Z,0.024556,0.02457,1642.0,20928.0,105342,59766
0.024567,1389.0,1511273,1699111349191,69834,33312,5754,1699111349300,2023-11-04T15:22:29.203Z,0.024557,0.024567,11160.0,15497.0,105343,59766
0.024567,1389.0,1511273,1699111349191,69834,33312,5754,1699111349400,2023-11-04T15:22:29.308Z,0.024557,0.024567,11160.0,15497.0,105344,59766
0.024567,1389.0,1511273,1699111349191,69834,33312,5754,1699111349500,2023-11-04T15:22:29.405Z,0.024556,0.024567,1642.0,16886.0,105345,59766
0.024567,1389.0,1511273,1699111349191,69834,33312,5754,1699111349600,2023-11-04T15:22:29.506Z,0.024558,0.024566,12735.0,10621.0,105346,59766
0.024567,1389.0,1511273,1699111349191,69834,33312,5754,1699111349700,2023-11-04T15:22:29.605Z,0.024558,0.024567,12735.0,16886.0,105347,59766
0.024558,1196.0,1511278,1699111350132,69839,33312,17235,1699111349800,2023-11-04T15:22:29.788Z,0.024559,0.024568,42372.0,10653.0,105348,59766
0.024558,1196.0,1511278,1699111350132,69839,33312,17235,1699111349900,2023-11-04T15:22:29.812Z,0.02456,0.024568,8385.0,10653.0,105349,59766
0.024558,1196.0,1511278,1699111350132,69839,33312,17235,1699111350000,2023-11-04T15:22:29.905Z,0.02456,0.024569,24993.0,16886.0,105350,59766
0.024558,1196.0,1511278,1699111350132,69839,33312,17235,1699111350100,2023-11-04T15:22:30.004Z,0.024562,0.02457,11003.0,20928.0,105351,59766
0.024558,1196.0,1511278,1699111350132,69839,33312,17235,1699111350200,2023-11-04T15:22:30.108Z,0.024562,0.02457,11003.0,20928.0,105352,59766
0.024558,1196.0,1511278,1699111350132,69839,33312,17235,1699111350300,2023-11-04T15:22:30.205Z,0.024562,0.02457,42372.0,20928.0,105353,59766
0.024558,1196.0,1511278,1699111350132,69839,33312,17235,1699111350400,2023-11-04T15:22:30.305Z,0.024562,0.02457,42372.0,20928.0,105354,59766
0.024558,1196.0,1511278,1699111350132,69839,33312,17235,1699111350500,2023-11-04T15:22:30.406Z,0.024562,0.02457,70941.0,20928.0,105355,59766
0.024558,1196.0,1511278,1699111350132,69839,33312,17235,1699111350600,2023-11-04T15:22:30.506Z,0.024562,0.024569,88885.0,16886.0,105356,59766
0.024558,1196.0,1511278,1699111350132,69839,33312,17235,1699111350700,2023-11-04T15:22:30.606Z,0.024562,0.024569,88885.0,16886.0,105357,59766
0.024558,1196.0,1511278,1699111350132,69839,33312,17235,1699111350800,2023-11-04T15:22:30.704Z,0.024562,0.024569,88885.0,16886.0,105358,59766
0.024558,1196.0,1511278,1699111350132,69839,33312,17235,1699111350900,2023-11-04T15:22:30.806Z,0.024562,0.024569,88885.0,16886.0,105359,59766
0.024558,1196.0,1511278,1699111350132,69839,33312,17235,1699111351000,2023-11-04T15:22:30.905Z,0.024562,0.024569,88885.0,16886.0,105360,59766
0.024558,1196.0,1511278,1699111350132,69839,33312,17235,1699111351100,2023-11-04T15:22:31.006Z,0.024562,0.024569,88885.0,16886.0,105361,59766
0.024558,1196.0,1511278,1699111350132,69839,33312,17235,1699111351200,2023-11-04T15:22:31.106Z,0.024562,0.024569,88885.0,16886.0,105362,59766
0.024558,1196.0,1511278,1699111350132,69839,33312,17235,1699111351300,2023-11-04T15:22:31.205Z,0.024562,0.024569,88885.0,16886.0,105363,59766
0.024558,1196.0,1511278,1699111350132,69839,33312,17235,1699111351400,2023-11-04T15:22:31.304Z,0.024562,0.024569,88885.0,16886.0,105364,59766
0.024558,1196.0,1511278,1699111350132,69839,33312,17235,1699111351500,2023-11-04T15:22:31.406Z,0.024562,0.024569,88885.0,16886.0,105365,59766
0.024558,1196.0,1511278,1699111350132,69839,33312,17235,1699111351600,2023-11-04T15:22:31.506Z,0.024562,0.024569,88885.0,16886.0,105366,59766
0.024558,1196.0,1511278,1699111350132,69839,33312,17235,1699111351700,2023-11-04T15:22:31.606Z,0.024562,0.024569,88885.0,16886.0,105367,59766
0.024558,1196.0,1511278,1699111350132,69839,33312,17235,1699111351800,2023-11-04T15:22:31.707Z,0.024562,0.024569,88885.0,16886.0,105368,59766
0.024568,260.0,1511279,1699111352205,69840,33312,15177,1699111351900,2023-11-04T15:22:31.863Z,0.024562,0.024569,88885.0,16886.0,105369,59766
0.02457,1017.0,1511280,1699111352308,69841,33312,19899,1699111352000,2023-11-04T15:22:31.966Z,0.024562,0.024569,88885.0,16886.0,105370,59766
0.02457,1017.0,1511280,1699111352308,69841,33312,19899,1699111352100,2023-11-04T15:22:32.006Z,0.024562,0.024569,88885.0,16886.0,105371,59766
0.02457,1017.0,1511280,1699111352308,69841,33312,19899,1699111352200,2023-11-04T15:22:32.108Z,0.024562,0.024569,88885.0,16886.0,105372,59766
0.02457,1017.0,1511280,1699111352308,69841,33312,19899,1699111352300,2023-11-04T15:22:32.206Z,0.024568,0.02457,15942.0,1017.0,105373,59766
0.02457,1017.0,1511280,1699111352308,69841,33312,19899,1699111352400,2023-11-04T15:22:32.307Z,0.024566,0.02457,1675.0,1017.0,105374,59766
0.02457,1017.0,1511280,1699111352308,69841,33312,19899,1699111352500,2023-11-04T15:22:32.408Z,0.02457,0.024578,8200.0,600.0,105375,59766
0.02457,1017.0,1511280,1699111352308,69841,33312,19899,1699111352600,2023-11-04T15:22:32.508Z,0.024574,0.024578,16236.0,600.0,105376,59766
0.02457,1017.0,1511280,1699111352308,69841,33312,19899,1699111352700,2023-11-04T15:22:32.606Z,0.024575,0.024578,1569.0,600.0,105377,59766
0.02457,1017.0,1511280,1699111352308,69841,33312,19899,1699111352800,2023-11-04T15:22:32.708Z,0.024576,0.024578,28569.0,600.0,105378,59766
0.024577,1995.0,1511281,1699111353192,69842,33312,61751,1699111352900,2023-11-04T15:22:32.853Z,0.024576,0.024578,28569.0,600.0,105379,59766
0.024577,1995.0,1511281,1699111353192,69842,33312,61751,1699111353000,2023-11-04T15:22:32.908Z,0.024576,0.024578,28569.0,600.0,105380,59766
0.024577,1995.0,1511281,1699111353192,69842,33312,61751,1699111353100,2023-11-04T15:22:33.008Z,0.024576,0.024578,28569.0,600.0,105381,59766
0.024577,1995.0,1511281,1699111353192,69842,33312,61751,1699111353200,2023-11-04T15:22:33.109Z,0.024576,0.024578,28569.0,600.0,105382,59766
0.024577,1995.0,1511281,1699111353192,69842,33312,61751,1699111353300,2023-11-04T15:22:33.207Z,0.024577,0.024578,8654.0,600.0,105383,59766
0.024577,1995.0,1511281,1699111353192,69842,33312,61751,1699111353400,2023-11-04T15:22:33.308Z,0.024577,0.024578,8654.0,600.0,105384,59766
0.024577,1995.0,1511281,1699111353192,69842,33312,61751,1699111353500,2023-11-04T15:22:33.408Z,0.024577,0.024578,8654.0,600.0,105385,59766
0.024577,1995.0,1511281,1699111353192,69842,33312,61751,1699111353600,2023-11-04T15:22:33.509Z,0.024577,0.024578,8654.0,600.0,105386,59766
0.024577,1995.0,1511281,1699111353192,69842,33312,61751,1699111353700,2023-11-04T15:22:33.608Z,0.024577,0.024578,8654.0,600.0,105387,59766
0.024577,1995.0,1511281,1699111353192,69842,33312,61751,1699111353800,2023-11-04T15:22:33.707Z,0.024577,0.024578,8654.0,600.0,105388,59766
0.024577,1995.0,1511281,1699111353192,69842,33312,61751,1699111353900,2023-11-04T15:22:33.814Z,0.024577,0.024578,10117.0,600.0,105389,59766
0.024576,28569.0,1511283,1699111354249,69844,33312,63174,1699111354000,2023-11-04T15:22:33.908Z,0.024577,0.024578,10117.0,600.0,105390,59766
0.024571,17815.0,1511285,1699111354367,69846,33312,20692,1699111354100,2023-11-04T15:22:34.025Z,0.024577,0.024578,1463.0,600.0,105391,59766
0.024571,17815.0,1511285,1699111354367,69846,33312,20692,1699111354200,2023-11-04T15:22:34.108Z,0.024577,0.024578,1463.0,600.0,105392,59766
0.024571,17815.0,1511285,1699111354367,69846,33312,20692,1699111354300,2023-11-04T15:22:34.209Z,0.024577,0.024578,1463.0,600.0,105393,59766
0.024571,17815.0,1511285,1699111354367,69846,33312,20692,1699111354400,2023-11-04T15:22:34.310Z,0.024573,0.024577,2673.0,16886.0,105394,59766
0.024563,1005.0,1511288,1699111354797,69849,33312,8164,1699111354500,2023-11-04T15:22:34.456Z,0.024571,0.024572,2545.0,16886.0,105395,59766
0.024563,1005.0,1511288,1699111354797,69849,33312,8164,1699111354600,2023-11-04T15:22:34.509Z,0.024571,0.024572,2545.0,16886.0,105396,59766
0.024563,1005.0,1511288,1699111354797,69849,33312,8164,1699111354700,2023-11-04T15:22:34.607Z,0.024571,0.024572,2545.0,16886.0,105397,59766
0.024554,1000.0,1511290,1699111355110,69851,33312,16974,1699111354800,2023-11-04T15:22:34.768Z,0.024571,0.024572,2545.0,16886.0,105398,59766
0.024538,285.0,1511301,1699111355191,69862,33312,4848,1699111354900,2023-11-04T15:22:34.837Z,0.024553,0.024563,49590.0,15881.0,105399,59766
0.024537,1000.0,1511302,1699111355309,69863,33312,27312,1699111355000,2023-11-04T15:22:34.965Z,0.024552,0.024561,1236.0,16886.0,105400,59766
0.024537,4759.0,1511303,1699111355387,69864,33312,38442,1699111355100,2023-11-04T15:22:35.044Z,0.024552,0.024561,1236.0,16886.0,105401,59766
0.024537,4759.0,1511303,1699111355387,69864,33312,38442,1699111355200,2023-11-04T15:22:35.109Z,0.024554,0.024555,3474.0,23708.0,105402,59766
0.024537,4759.0,1511303,1699111355387,69864,33312,38442,1699111355300,2023-11-04T15:22:35.209Z,0.024537,0.024538,10169.0,5857.0,105403,59766
0.024538,1625.0,1511304,1699111355663,69865,33312,7004,1699111355400,2023-11-04T15:22:35.321Z,0.024537,0.024538,10169.0,5857.0,105404,59766
0.024537,2243.0,1511305,1699111355803,69866,33312,14097,1699111355500,2023-11-04T15:22:35.460Z,0.024537,0.024538,4410.0,5857.0,105405,59766
0.024537,2243.0,1511305,1699111355803,69866,33312,14097,1699111355600,2023-11-04T15:22:35.509Z,0.024537,0.024538,4410.0,5209.0,105406,59766
0.024537,2243.0,1511305,1699111355803,69866,33312,14097,1699111355700,2023-11-04T15:22:35.611Z,0.024537,0.024538,4410.0,5209.0,105407,59766
0.024537,2243.0,1511305,1699111355803,69866,33312,14097,1699111355800,2023-11-04T15:22:35.709Z,0.024537,0.024538,4410.0,4517.0,105408,59766
0.024544,1000.0,1511306,1699111356192,69867,33312,41820,1699111355900,2023-11-04T15:22:35.852Z,0.024537,0.024538,2167.0,4517.0,105409,59766
0.024544,1000.0,1511307,1699111356270,69868,33312,24300,1699111356000,2023-11-04T15:22:35.929Z,0.024537,0.024538,2167.0,4517.0,105410,59766
0.024544,1000.0,1511307,1699111356270,69868,33312,24300,1699111356100,2023-11-04T15:22:36.009Z,0.024542,0.024556,2559.0,3643.0,105411,59766
0.024544,1000.0,1511307,1699111356270,69868,33312,24300,1699111356200,2023-11-04T15:22:36.108Z,0.024544,0.024556,2559.0,3643.0,105412,59766
0.024544,1000.0,1511307,1699111356270,69868,33312,24300,1699111356300,2023-11-04T15:22:36.208Z,0.024544,0.024556,1559.0,1209.0,105413,59766
0.024544,1000.0,1511307,1699111356270,69868,33312,24300,1699111356400,2023-11-04T15:22:36.308Z,0.024541,0.024548,9215.0,6144.0,105414,59766
0.024544,1000.0,1511307,1699111356270,69868,33312,24300,1699111356500,2023-11-04T15:22:36.415Z,0.02454,0.024549,8200.0,4148.0,105415,59766
0.024544,1000.0,1511307,1699111356270,69868,33312,24300,1699111356600,2023-11-04T15:22:36.585Z,0.02454,0.024549,8200.0,5584.0,105416,59766
0.02454,2021.0,1511308,1699111357075,69869,33312,16898,1699111356700,2023-11-04T15:22:36.686Z,0.02454,0.024541,8200.0,6144.0,105417,59766
0.02454,2021.0,1511308,1699111357075,69869,33312,16898,1699111356800,2023-11-04T15:22:36.774Z,0.024541,0.024551,560.0,10642.0,105418,59766
0.024541,550.0,1511309,1699111357161,69870,33312,17432,1699111356900,2023-11-04T15:22:36.810Z,0.02454,0.02455,8200.0,10638.0,105419,59766
0.024541,,,,,,,1699111357000,,0.02454,0.02455,,,,
0.024541,550.0,1511309,1699111357161,69870,33312,17432,1699111357100,2023-11-04T15:22:37.075Z,0.02454,0.024549,8200.0,6144.0,105421,59766
0.024541,550.0,1511309,1699111357161,69870,33312,17432,1699111357200,2023-11-04T15:22:37.160Z,0.024541,0.02455,560.0,10639.0,105422,59766
0.024541,550.0,1511309,1699111357161,69870,33312,17432,1699111357300,2023-11-04T15:22:37.211Z,0.02454,0.024541,6179.0,5022.0,105423,59766
0.024541,550.0,1511309,1699111357161,69870,33312,17432,1699111357400,2023-11-04T15:22:37.311Z,0.02454,0.024552,6179.0,16789.0,105424,59766
0.024541,550.0,1511309,1699111357161,69870,33312,17432,1699111357500,2023-11-04T15:22:37.421Z,0.02454,0.024551,6179.0,8479.0,105425,59766
0.024541,550.0,1511309,1699111357161,69870,33312,17432,1699111357600,2023-11-04T15:22:37.510Z,0.02454,0.024551,6179.0,8479.0,105426,59766
0.024541,550.0,1511309,1699111357161,69870,33312,17432,1699111357700,2023-11-04T15:22:37.608Z,0.02454,0.024552,6179.0,14326.0,105427,59766
0.024541,550.0,1511309,1699111357161,69870,33312,17432,1699111357800,2023-11-04T15:22:37.708Z,0.02454,0.024552,6179.0,10641.0,105428,59766
0.024541,550.0,1511309,1699111357161,69870,33312,17432,1699111357900,2023-11-04T15:22:37.808Z,0.02454,0.024552,6179.0,10641.0,105429,59766
0.024541,550.0,1511309,1699111357161,69870,33312,17432,1699111358000,2023-11-04T15:22:37.912Z,0.02454,0.024552,6179.0,10641.0,105430,59766
0.024541,550.0,1511309,1699111357161,69870,33312,17432,1699111358100,2023-11-04T15:22:38.010Z,0.02454,0.024552,6179.0,10641.0,105431,59766
0.024541,550.0,1511309,1699111357161,69870,33312,17432,1699111358200,2023-11-04T15:22:38.108Z,0.024538,0.024551,16886.0,37500.0,105432,59766
0.024541,550.0,1511309,1699111357161,69870,33312,17432,1699111358300,2023-11-04T15:22:38.210Z,0.024537,0.024538,42883.0,6145.0,105433,59766
0.024541,550.0,1511309,1699111357161,69870,33312,17432,1699111358400,2023-11-04T15:22:38.311Z,0.024537,0.024549,42883.0,6145.0,105434,59766
0.024541,550.0,1511309,1699111357161,69870,33312,17432,1699111358500,2023-11-04T15:22:38.409Z,0.024539,0.024552,28569.0,6145.0,105435,59766
0.024541,550.0,1511309,1699111357161,69870,33312,17432,1699111358600,2023-11-04T15:22:38.510Z,0.024539,0.024552,28569.0,6145.0,105436,59766
0.024541,550.0,1511309,1699111357161,69870,33312,17432,1699111358700,2023-11-04T15:22:38.611Z,0.02454,0.024553,26101.0,10639.0,105437,59766
0.024541,550.0,1511309,1699111357161,69870,33312,17432,1699111358800,2023-11-04T15:22:38.710Z,0.02454,0.024558,26101.0,1204.0,105438,59766
0.024541,550.0,1511309,1699111357161,69870,33312,17432,1699111358900,2023-11-04T15:22:38.811Z,0.02454,0.024558,26101.0,1204.0,105439,59766
0.024541,550.0,1511309,1699111357161,69870,33312,17432,1699111359000,2023-11-04T15:22:38.922Z,0.02454,0.024554,43644.0,15361.0,105440,59766
0.024541,550.0,1511309,1699111357161,69870,33312,17432,1699111359100,2023-11-04T15:22:39.014Z,0.02454,0.02455,26101.0,15354.0,105441,59766
0.024541,550.0,1511309,1699111357161,69870,33312,17432,1699111359200,2023-11-04T15:22:39.113Z,0.02454,0.024558,76688.0,1204.0,105442,59766
0.024541,550.0,1511309,1699111357161,69870,33312,17432,1699111359300,2023-11-04T15:22:39.210Z,0.024542,0.024558,9215.0,1204.0,105443,59766
0.024541,550.0,1511309,1699111357161,69870,33312,17432,1699111359400,2023-11-04T15:22:39.309Z,0.024544,0.024555,9215.0,6145.0,105444,59766
0.024541,550.0,1511309,1699111357161,69870,33312,17432,1699111359500,2023-11-04T15:22:39.409Z,0.024544,0.024555,9215.0,6145.0,105445,59766
0.024541,550.0,1511309,1699111357161,69870,33312,17432,1699111359600,2023-11-04T15:22:39.519Z,0.024546,0.024556,9215.0,9208.0,105446,59766
0.024541,550.0,1511309,1699111357161,69870,33312,17432,1699111359700,2023-11-04T15:22:39.609Z,0.024551,0.024558,16886.0,1204.0,105447,59766
0.024541,550.0,1511309,1699111357161,69870,33312,17432,1699111359800,2023-11-04T15:22:39.710Z,0.024552,0.024558,9292.0,1204.0,105448,59766
0.024541,550.0,1511309,1699111357161,69870,33312,17432,1699111359900,2023-11-04T15:22:39.818Z,0.024552,0.024558,9292.0,1204.0,105449,59766
0.024541,550.0,1511309,1699111357161,69870,33312,17432,1699111360000,2023-11-04T15:22:39.912Z,0.024552,0.024558,9292.0,1204.0,105450,59766
0.024541,550.0,1511309,1699111357161,69870,33312,17432,1699111360100,2023-11-04T15:22:40.010Z,0.024552,0.024558,9292.0,1204.0,105451,59766
0.024541,550.0,1511309,1699111357161,69870,33312,17432,1699111360200,2023-11-04T15:22:40.113Z,0.024552,0.024558,9292.0,1204.0,105452,59766
0.024554,5972.0,1511310,1699111360636,69871,33312,9661,1699111360300,2023-11-04T15:22:40.293Z,0.024552,0.024558,9292.0,1204.0,105453,59766
0.024553,24998.0,1511311,1699111360676,69872,33312,27531,1699111360400,2023-11-04T15:22:40.336Z,0.024552,0.024558,9292.0,1204.0,105454,59766
0.024553,24998.0,1511311,1699111360676,69872,33312,27531,1699111360500,2023-11-04T15:22:40.413Z,0.024552,0.024558,9292.0,1204.0,105455,59766
0.024553,347.0,1511312,1699111360940,69873,33312,18877,1699111360600,2023-11-04T15:22:40.599Z,0.024552,0.024558,9292.0,1204.0,105456,59766
0.024553,347.0,1511312,1699111360940,69873,33312,18877,1699111360700,2023-11-04T15:22:40.612Z,0.024552,0.024558,9292.0,1204.0,105457,59766
0.024553,347.0,1511312,1699111360940,69873,33312,18877,1699111360800,2023-11-04T15:22:40.714Z,0.024553,0.024554,3571.0,10718.0,105458,59766
0.024553,347.0,1511312,1699111360940,69873,33312,18877,1699111360900,2023-11-04T15:22:40.813Z,0.024553,0.024554,3571.0,10718.0,105459,59766
0.024553,347.0,1511312,1699111360940,69873,33312,18877,1699111361000,2023-11-04T15:22:40.911Z,0.024553,0.024554,3571.0,10718.0,105460,59766
0.024553,347.0,1511312,1699111360940,69873,33312,18877,1699111361100,2023-11-04T15:22:41.026Z,0.024553,0.024554,3224.0,10718.0,105461,59766
0.024553,347.0,1511312,1699111360940,69873,33312,18877,1699111361200,2023-11-04T15:22:41.114Z,0.024553,0.024554,3224.0,10718.0,105462,59766
0.024553,347.0,1511312,1699111360940,69873,33312,18877,1699111361300,2023-11-04T15:22:41.212Z,0.024553,0.024554,3224.0,10718.0,105463,59766
0.024553,347.0,1511312,1699111360940,69873,33312,18877,1699111361400,2023-11-04T15:22:41.312Z,0.024553,0.024554,3224.0,10718.0,105464,59766
0.024553,347.0,1511312,1699111360940,69873,33312,18877,1699111361500,2023-11-04T15:22:41.412Z,0.024553,0.024554,3224.0,10718.0,105465,59766
0.024553,347.0,1511312,1699111360940,69873,33312,18877,1699111361600,2023-11-04T15:22:41.511Z,0.024553,0.024554,3224.0,10718.0,105466,59766
0.024553,,,,,,,1699111361700,,0.024553,0.024554,,,,
0.024553,347.0,1511312,1699111360940,69873,33312,18877,1699111361800,2023-11-04T15:22:41.710Z,0.024553,0.024554,3224.0,10718.0,105467,59766
0.024553,347.0,1511312,1699111360940,69873,33312,18877,1699111361900,2023-11-04T15:22:41.814Z,0.024553,0.024554,3224.0,10718.0,105468,59766
0.024553,347.0,1511312,1699111360940,69873,33312,18877,1699111362000,2023-11-04T15:22:41.912Z,0.024553,0.024554,3224.0,10718.0,105469,59766
0.024553,347.0,1511312,1699111360940,69873,33312,18877,1699111362100,2023-11-04T15:22:42.012Z,0.024553,0.024554,3224.0,10718.0,105470,59766
0.024553,347.0,1511312,1699111360940,69873,33312,18877,1699111362200,2023-11-04T15:22:42.124Z,0.024553,0.024554,3224.0,10718.0,105471,59766
0.024553,347.0,1511312,1699111360940,69873,33312,18877,1699111362300,2023-11-04T15:22:42.211Z,0.024553,0.024554,3224.0,10718.0,105472,59766
0.024553,347.0,1511312,1699111360940,69873,33312,18877,1699111362400,2023-11-04T15:22:42.312Z,0.024553,0.024554,3224.0,10718.0,105473,59766
0.024553,347.0,1511312,1699111360940,69873,33312,18877,1699111362500,2023-11-04T15:22:42.413Z,0.024553,0.024554,3224.0,10718.0,105474,59766
0.024553,347.0,1511312,1699111360940,69873,33312,18877,1699111362600,2023-11-04T15:22:42.515Z,0.024553,0.024554,3224.0,10718.0,105475,59766
0.024553,347.0,1511312,1699111360940,69873,33312,18877,1699111362700,2023-11-04T15:22:42.620Z,0.024553,0.024554,3224.0,10718.0,105476,59766
0.02454,24998.0,1511314,1699111363133,69875,33312,59257,1699111362800,2023-11-04T15:22:42.793Z,0.024552,0.024553,9292.0,34561.0,105477,59766
0.02454,24998.0,1511314,1699111363133,69875,33312,59257,1699111362900,2023-11-04T15:22:42.815Z,0.024552,0.024553,9292.0,34561.0,105478,59766
0.02454,24998.0,1511314,1699111363133,69875,33312,59257,1699111363000,2023-11-04T15:22:42.910Z,0.024552,0.024553,9292.0,34561.0,105479,59766
0.02454,24998.0,1511314,1699111363133,69875,33312,59257,1699111363100,2023-11-04T15:22:43.014Z,0.024552,0.024553,9292.0,34561.0,105480,59766
0.02454,24998.0,1511314,1699111363133,69875,33312,59257,1699111363200,2023-11-04T15:22:43.113Z,0.02454,0.024549,33569.0,6145.0,105481,59766
0.02454,24998.0,1511314,1699111363133,69875,33312,59257,1699111363300,2023-11-04T15:22:43.215Z,0.02454,0.024541,3571.0,6132.0,105482,59766
0.02454,24998.0,1511314,1699111363133,69875,33312,59257,1699111363400,2023-11-04T15:22:43.310Z,0.02454,0.024541,3571.0,6132.0,105483,59766
0.02454,24998.0,1511314,1699111363133,69875,33312,59257,1699111363500,2023-11-04T15:22:43.412Z,0.02454,0.024541,3571.0,6132.0,105484,59766
0.02454,14928.0,1511315,1699111363894,69876,33312,60735,1699111363600,2023-11-04T15:22:43.552Z,0.02454,0.024541,23931.0,6132.0,105485,59766
0.02454,14928.0,1511315,1699111363894,69876,33312,60735,1699111363700,2023-11-04T15:22:43.612Z,0.02454,0.024541,44287.0,6132.0,105486,59766
0.02454,1000.0,1511316,1699111364111,69877,33312,28996,1699111363800,2023-11-04T15:22:43.770Z,0.02454,0.024541,44287.0,6132.0,105487,59766
0.024542,1000.0,1511317,1699111364226,69878,33312,38566,1699111363900,2023-11-04T15:22:43.884Z,0.02454,0.024541,44287.0,6132.0,105488,59766
0.024542,1000.0,1511317,1699111364226,69878,33312,38566,1699111364000,2023-11-04T15:22:43.913Z,0.02454,0.024541,29359.0,6132.0,105489,59766
0.024542,1000.0,1511317,1699111364226,69878,33312,38566,1699111364100,2023-11-04T15:22:44.017Z,0.02454,0.024541,29359.0,6132.0,105490,59766
0.024553,12960.0,1511319,1699111364450,69880,33312,60904,1699111364200,2023-11-04T15:22:44.113Z,0.02454,0.024541,29359.0,6132.0,105491,59766
0.024553,12960.0,1511319,1699111364450,69880,33312,60904,1699111364300,2023-11-04T15:22:44.213Z,0.024542,0.02455,28569.0,8200.0,105492,59766
0.024558,3443.0,1511321,1699111364663,69882,33312,55109,1699111364400,2023-11-04T15:22:44.320Z,0.024543,0.02455,13308.0,8200.0,105493,59766
0.024558,3443.0,1511321,1699111364663,69882,33312,55109,1699111364500,2023-11-04T15:22:44.413Z,0.024543,0.02455,13308.0,8200.0,105494,59766
0.024558,3443.0,1511321,1699111364663,69882,33312,55109,1699111364600,2023-11-04T15:22:44.514Z,0.024551,0.024558,9215.0,1204.0,105495,59766
0.024558,3443.0,1511321,1699111364663,69882,33312,55109,1699111364700,2023-11-04T15:22:44.611Z,0.024557,0.024558,17617.0,1204.0,105496,59766
0.024558,3443.0,1511321,1699111364663,69882,33312,55109,1699111364800,2023-11-04T15:22:44.712Z,0.024558,0.024568,5772.0,23900.0,105497,59766
0.024558,3443.0,1511321,1699111364663,69882,33312,55109,1699111364900,2023-11-04T15:22:44.812Z,0.024562,0.024568,15567.0,23900.0,105498,59766
0.024558,3443.0,1511321,1699111364663,69882,33312,55109,1699111365000,2023-11-04T15:22:44.916Z,0.024562,0.024568,15567.0,23900.0,105499,59766
0.024607,6140.0,1511348,1699111365436,69909,33312,62634,1699111365100,2023-11-04T15:22:45.095Z,0.024562,0.024568,15567.0,23900.0,105500,59766
0.024618,15920.0,1511352,1699111365487,69913,33312,3658,1699111365200,2023-11-04T15:22:45.144Z,0.024564,0.024568,13308.0,23900.0,105501,59766
0.024607,451.0,1511356,1699111365618,69917,33312,29188,1699111365300,2023-11-04T15:22:45.274Z,0.024564,0.024568,13308.0,23900.0,105502,59766
0.024607,451.0,1511356,1699111365618,69917,33312,29188,1699111365400,2023-11-04T15:22:45.327Z,0.024564,0.024568,13308.0,23900.0,105503,59766
0.024607,451.0,1511356,1699111365618,69917,33312,29188,1699111365500,2023-11-04T15:22:45.415Z,0.024604,0.024613,16886.0,13488.0,105504,59766
0.024618,996.0,1511357,1699111365890,69918,33312,35917,1699111365600,2023-11-04T15:22:45.548Z,0.024604,0.024617,39259.0,8708.0,105505,59766
0.02462,745.0,1511359,1699111365980,69920,33312,53592,1699111365700,2023-11-04T15:22:45.640Z,0.024616,0.024617,5140.0,8708.0,105506,59766
0.02462,745.0,1511359,1699111365980,69920,33312,53592,1699111365800,2023-11-04T15:22:45.714Z,0.024607,0.024619,3679.0,251.0,105507,59766
0.024618,17289.0,1511362,1699111366207,69923,33312,7090,1699111365900,2023-11-04T15:22:45.865Z,0.024618,0.024619,3689.0,251.0,105508,59766
0.024618,17289.0,1511362,1699111366207,69923,33312,7090,1699111366000,2023-11-04T15:22:45.913Z,0.024618,0.024619,2693.0,251.0,105509,59766
0.024619,6126.0,1511364,1699111366381,69925,33312,14045,1699111366100,2023-11-04T15:22:46.038Z,0.024619,0.02462,2690.0,10348.0,105510,59766
0.024619,6126.0,1511364,1699111366381,69925,33312,14045,1699111366200,2023-11-04T15:22:46.122Z,0.024619,0.02462,2690.0,10348.0,105511,59766
0.024607,4806.0,1511366,1699111366554,69927,33312,48250,1699111366300,2023-11-04T15:22:46.213Z,0.02461,0.024618,16886.0,16876.0,105512,59766
0.024607,4806.0,1511366,1699111366554,69927,33312,48250,1699111366400,2023-11-04T15:22:46.313Z,0.024606,0.02461,16886.0,8200.0,105513,59766
0.024607,4806.0,1511366,1699111366554,69927,33312,48250,1699111366500,2023-11-04T15:22:46.414Z,0.024619,0.02462,6030.0,10348.0,105514,59766
0.024607,4806.0,1511366,1699111366554,69927,33312,48250,1699111366600,2023-11-04T15:22:46.514Z,0.024606,0.024618,21403.0,10642.0,105515,59766
0.024607,4806.0,1511366,1699111366554,69927,33312,48250,1699111366700,2023-11-04T15:22:46.615Z,0.024606,0.024618,21403.0,10643.0,105516,59766
0.024607,4806.0,1511366,1699111366554,69927,33312,48250,1699111366800,2023-11-04T15:22:46.714Z,0.024608,0.024618,16886.0,10643.0,105517,59766
0.024607,4806.0,1511366,1699111366554,69927,33312,48250,1699111366900,2023-11-04T15:22:46.812Z,0.024608,0.024618,16886.0,10643.0,105518,59766
0.024607,15181.0,1511369,1699111367318,69930,33312,15292,1699111367000,2023-11-04T15:22:46.978Z,0.024608,0.024618,16886.0,10643.0,105519,59766
0.024607,15181.0,1511369,1699111367318,69930,33312,15292,1699111367100,2023-11-04T15:22:47.014Z,0.024608,0.024618,16886.0,10643.0,105520,59766
0.024608,3348.0,1511370,1699111367534,69931,33312,24711,1699111367200,2023-11-04T15:22:47.192Z,0.024608,0.024618,16886.0,10643.0,105521,59766
0.024608,3348.0,1511370,1699111367534,69931,33312,24711,1699111367300,2023-11-04T15:22:47.215Z,0.024608,0.024618,16886.0,10643.0,105522,59766
0.024608,3348.0,1511370,1699111367534,69931,33312,24711,1699111367400,2023-11-04T15:22:47.312Z,0.024608,0.024618,16886.0,10643.0,105523,59766
0.024608,3348.0,1511370,1699111367534,69931,33312,24711,1699111367500,2023-11-04T15:22:47.413Z,0.024607,0.024608,8373.0,6129.0,105524,59766
0.024607,3919.0,1511372,1699111367899,69933,33312,55210,1699111367600,2023-11-04T15:22:47.557Z,0.024608,0.024614,34561.0,14321.0,105525,59766
0.024607,3919.0,1511372,1699111367899,69933,33312,55210,1699111367700,2023-11-04T15:22:47.621Z,0.024608,0.02462,31213.0,2148.0,105526,59766
0.024607,3919.0,1511372,1699111367899,69933,33312,55210,1699111367800,2023-11-04T15:22:47.719Z,0.024608,0.02462,31213.0,2148.0,105527,59766
0.024607,3919.0,1511372,1699111367899,69933,33312,55210,1699111367900,2023-11-04T15:22:47.818Z,0.024608,0.02462,31213.0,2148.0,105528,59766
0.024607,3919.0,1511372,1699111367899,69933,33312,55210,1699111368000,2023-11-04T15:22:47.914Z,0.024607,0.024619,4454.0,6129.0,105529,59766
0.024607,3919.0,1511372,1699111367899,69933,33312,55210,1699111368100,2023-11-04T15:22:48.012Z,0.024613,0.02462,18010.0,2148.0,105530,59766
0.024607,3919.0,1511372,1699111367899,69933,33312,55210,1699111368200,2023-11-04T15:22:48.116Z,0.024616,0.02462,15415.0,2148.0,105531,59766
0.024607,3919.0,1511372,1699111367899,69933,33312,55210,1699111368300,2023-11-04T15:22:48.215Z,0.024616,0.02462,15415.0,2148.0,105532,59766
0.024607,3919.0,1511372,1699111367899,69933,33312,55210,1699111368400,2023-11-04T15:22:48.316Z,0.02461,0.02462,34561.0,2148.0,105533,59766
0.024607,3919.0,1511372,1699111367899,69933,33312,55210,1699111368500,2023-11-04T15:22:48.414Z,0.024609,0.024619,20360.0,6129.0,105534,59766
0.024607,3919.0,1511372,1699111367899,69933,33312,55210,1699111368600,2023-11-04T15:22:48.514Z,0.024609,0.024619,20360.0,6129.0,105535,59766
0.024607,3919.0,1511372,1699111367899,69933,33312,55210,1699111368700,2023-11-04T15:22:48.621Z,0.024609,0.024619,20360.0,6129.0,105536,59766
0.024607,3919.0,1511372,1699111367899,69933,33312,55210,1699111368800,2023-11-04T15:22:48.718Z,0.024609,0.024619,20360.0,6129.0,105537,59766
0.024607,3919.0,1511372,1699111367899,69933,33312,55210,1699111368900,2023-11-04T15:22:48.815Z,0.024609,0.024619,20360.0,6129.0,105538,59766
0.024607,3919.0,1511372,1699111367899,69933,33312,55210,1699111369000,2023-11-04T15:22:48.916Z,0.024609,0.024615,20360.0,10648.0,105539,59766
0.024607,3919.0,1511372,1699111367899,69933,33312,55210,1699111369100,2023-11-04T15:22:49.017Z,0.024609,0.024613,20360.0,6123.0,105540,59766
0.024607,3919.0,1511372,1699111367899,69933,33312,55210,1699111369200,2023-11-04T15:22:49.116Z,0.02461,0.024617,28569.0,21251.0,105541,59766
0.024611,7464.0,1511373,1699111369617,69934,33312,46343,1699111369300,2023-11-04T15:22:49.276Z,0.02461,0.024617,28569.0,21251.0,105542,59766
0.024611,1000.0,1511374,1699111369663,69935,33312,37166,1699111369400,2023-11-04T15:22:49.321Z,0.02461,0.024618,28569.0,34561.0,105543,59766
0.024611,1000.0,1511374,1699111369663,69935,33312,37166,1699111369500,2023-11-04T15:22:49.425Z,0.024611,0.024618,16886.0,34561.0,105544,59766
0.02461,10714.0,1511376,1699111369897,69937,33312,27008,1699111369600,2023-11-04T15:22:49.555Z,0.024611,0.024618,16886.0,34561.0,105545,59766
0.02461,10714.0,1511376,1699111369897,69937,33312,27008,1699111369700,2023-11-04T15:22:49.614Z,0.024611,0.024618,16886.0,34561.0,105546,59766
0.02461,3257.0,1511377,1699111370142,69938,33312,14152,1699111369800,2023-11-04T15:22:49.799Z,0.024611,0.024616,8422.0,16886.0,105547,59766
0.02461,3257.0,1511377,1699111370142,69938,33312,14152,1699111369900,2023-11-04T15:22:49.820Z,0.024611,0.024616,8422.0,16886.0,105548,59766
0.02461,3257.0,1511377,1699111370142,69938,33312,14152,1699111370000,2023-11-04T15:22:49.915Z,0.02461,0.024613,17855.0,27247.0,105549,59766
0.02461,3257.0,1511377,1699111370142,69938,33312,14152,1699111370100,2023-11-04T15:22:50.016Z,0.02461,0.024617,17855.0,20110.0,105550,59766
0.02461,3257.0,1511377,1699111370142,69938,33312,14152,1699111370200,2023-11-04T15:22:50.115Z,0.02461,0.024617,17855.0,20110.0,105551,59766
0.02461,3257.0,1511377,1699111370142,69938,33312,14152,1699111370300,2023-11-04T15:22:50.215Z,0.02461,0.024611,14598.0,6123.0,105552,59766
0.02461,3257.0,1511377,1699111370142,69938,33312,14152,1699111370400,2023-11-04T15:22:50.314Z,0.02461,0.024611,14598.0,6123.0,105553,59766
0.024591,4329.0,1511382,1699111370835,69943,33312,54310,1699111370500,2023-11-04T15:22:50.493Z,0.02461,0.024611,14598.0,6123.0,105554,59766
0.024586,246.0,1511383,1699111370902,69944,33312,42845,1699111370600,2023-11-04T15:22:50.560Z,0.02461,0.024617,14598.0,20110.0,105555,59766
0.024586,246.0,1511383,1699111370902,69944,33312,42845,1699111370700,2023-11-04T15:22:50.615Z,0.02461,0.024617,14598.0,20110.0,105556,59766
0.024586,246.0,1511383,1699111370902,69944,33312,42845,1699111370800,2023-11-04T15:22:50.717Z,0.02461,0.024617,14598.0,20110.0,105557,59766
0.024586,246.0,1511383,1699111370902,69944,33312,42845,1699111370900,2023-11-04T15:22:50.816Z,0.024607,0.024616,4454.0,33762.0,105558,59766
0.024586,246.0,1511383,1699111370902,69944,33312,42845,1699111371000,2023-11-04T15:22:50.917Z,0.024585,0.02459,16198.0,8200.0,105559,59766
0.024586,246.0,1511383,1699111370902,69944,33312,42845,1699111371100,2023-11-04T15:22:51.018Z,0.024581,0.024589,98804.0,6125.0,105560,59766
0.024586,246.0,1511383,1699111370902,69944,33312,42845,1699111371200,2023-11-04T15:22:51.116Z,0.024581,0.024589,98804.0,6125.0,105561,59766
0.024586,246.0,1511383,1699111370902,69944,33312,42845,1699111371300,2023-11-04T15:22:51.217Z,0.024581,0.024589,98804.0,6125.0,105562,59766
0.024586,246.0,1511383,1699111370902,69944,33312,42845,1699111371400,2023-11-04T15:22:51.317Z,0.024582,0.024589,6636.0,6125.0,105563,59766
0.024586,246.0,1511383,1699111370902,69944,33312,42845,1699111371500,2023-11-04T15:22:51.418Z,0.024582,0.024589,6636.0,6125.0,105564,59766
0.024584,414.0,1511384,1699111371923,69945,33312,62006,1699111371600,2023-11-04T15:22:51.579Z,0.024583,0.024596,8881.0,16775.0,105565,59766
0.024584,414.0,1511384,1699111371923,69945,33312,62006,1699111371700,2023-11-04T15:22:51.616Z,0.024583,0.024596,8881.0,16775.0,105566,59766
0.024584,,,,,,,1699111371800,,0.024583,0.024596,,,,
0.024583,14493.0,1511385,1699111372171,69946,33312,16070,1699111371900,2023-11-04T15:22:51.829Z,0.024583,0.024596,8881.0,16775.0,105567,59766
0.024583,14493.0,1511385,1699111372171,69946,33312,16070,1699111372000,2023-11-04T15:22:51.921Z,0.024583,0.024584,8881.0,6133.0,105568,59766
0.024583,14493.0,1511385,1699111372171,69946,33312,16070,1699111372100,2023-11-04T15:22:52.013Z,0.024583,0.024596,37129.0,10646.0,105569,59766
0.024583,14493.0,1511385,1699111372171,69946,33312,16070,1699111372200,2023-11-04T15:22:52.116Z,0.024583,0.024593,16679.0,10401.0,105570,59766
0.024604,9321.0,1511391,1699111372616,69952,33312,48843,1699111372300,2023-11-04T15:22:52.271Z,0.024582,0.024603,6636.0,16876.0,105571,59766
0.024604,9321.0,1511391,1699111372616,69952,33312,48843,1699111372400,2023-11-04T15:22:52.317Z,0.024586,0.0246,15299.0,10643.0,105572,59766
0.024604,9321.0,1511391,1699111372616,69952,33312,48843,1699111372500,2023-11-04T15:22:52.418Z,0.024587,0.024597,15605.0,6135.0,105573,59766
0.024604,9321.0,1511391,1699111372616,69952,33312,48843,1699111372600,2023-11-04T15:22:52.516Z,0.024586,0.024597,15299.0,6135.0,105574,59766
0.024604,9321.0,1511391,1699111372616,69952,33312,48843,1699111372700,2023-11-04T15:22:52.616Z,0.024586,0.024604,14352.0,41730.0,105575,59766
0.024604,9321.0,1511391,1699111372616,69952,33312,48843,1699111372800,2023-11-04T15:22:52.716Z,0.024591,0.024603,5989.0,12797.0,105576,59766
0.024604,9321.0,1511391,1699111372616,69952,33312,48843,1699111372900,2023-11-04T15:22:52.816Z,0.024591,0.024603,5989.0,12797.0,105577,59766
0.024604,980.0,1511392,1699111373333,69953,33312,11009,1699111373000,2023-11-04T15:22:52.992Z,0.024586,0.024601,16876.0,6133.0,105578,59766
0.024604,980.0,1511392,1699111373333,69953,33312,11009,1699111373100,2023-11-04T15:22:53.015Z,0.024586,0.024601,16876.0,6133.0,105579,59766
0.024604,980.0,1511392,1699111373333,69953,33312,11009,1699111373200,2023-11-04T15:22:53.117Z,0.024591,0.024604,5989.0,11936.0,105580,59766
0.024604,,,,,,,1699111373300,,0.024591,0.024604,,,,
0.024604,,,,,,,1699111373400,,0.024591,0.024604,,,,
0.024604,980.0,1511392,1699111373333,69953,33312,11009,1699111373500,2023-11-04T15:22:53.419Z,0.024593,0.024602,5985.0,17660.0,105581,59766
0.024604,980.0,1511392,1699111373333,69953,33312,11009,1699111373600,2023-11-04T15:22:53.519Z,0.024593,0.024602,5985.0,17660.0,105582,59766
0.024606,329.0,1511393,1699111374033,69954,33312,15105,1699111373700,2023-11-04T15:22:53.693Z,0.024593,0.024602,42372.0,17661.0,105583,59766
0.024606,329.0,1511393,1699111374033,69954,33312,15105,1699111373800,2023-11-04T15:22:53.716Z,0.024596,0.024604,5985.0,19988.0,105584,59766
0.024606,329.0,1511393,1699111374033,69954,33312,15105,1699111373900,2023-11-04T15:22:53.816Z,0.024598,0.024604,5985.0,19988.0,105585,59766
0.024606,329.0,1511393,1699111374033,69954,33312,15105,1699111374000,2023-11-04T15:22:53.917Z,0.024603,0.024607,5985.0,10380.0,105586,59766
0.024606,329.0,1511393,1699111374033,69954,33312,15105,1699111374100,2023-11-04T15:22:54.016Z,0.024606,0.024607,5985.0,10380.0,105587,59766
0.024598,466.0,1511394,1699111374492,69955,33312,37452,1699111374200,2023-11-04T15:22:54.151Z,0.024606,0.024607,5656.0,10380.0,105588,59766
0.024598,466.0,1511394,1699111374492,69955,33312,37452,1699111374300,2023-11-04T15:22:54.215Z,0.024606,0.024607,5656.0,10380.0,105589,59766
0.024598,466.0,1511394,1699111374492,69955,33312,37452,1699111374400,2023-11-04T15:22:54.316Z,0.024597,0.024605,76826.0,10645.0,105590,59766
0.024598,466.0,1511394,1699111374492,69955,33312,37452,1699111374500,2023-11-04T15:22:54.415Z,0.024598,0.024607,5647.0,21434.0,105591,59766
0.024598,466.0,1511394,1699111374492,69955,33312,37452,1699111374600,2023-11-04T15:22:54.525Z,0.024597,0.024602,76826.0,511.0,105592,59766
0.024598,466.0,1511394,1699111374492,69955,33312,37452,1699111374700,2023-11-04T15:22:54.615Z,0.0246,0.024607,17288.0,21434.0,105593,59766
0.024606,1000.0,1511395,1699111375132,69956,33312,56441,1699111374800,2023-11-04T15:22:54.791Z,0.024603,0.024607,18359.0,21434.0,105594,59766
0.024606,1000.0,1511395,1699111375132,69956,33312,56441,1699111374900,2023-11-04T15:22:54.815Z,0.024606,0.024607,5182.0,21434.0,105595,59766
0.024606,1000.0,1511395,1699111375132,69956,33312,56441,1699111375000,2023-11-04T15:22:54.918Z,0.024606,0.024607,5182.0,21434.0,105596,59766
0.024606,1000.0,1511395,1699111375132,69956,33312,56441,1699111375100,2023-11-04T15:22:55.015Z,0.024606,0.024607,5182.0,21434.0,105597,59766
0.024606,1000.0,1511395,1699111375132,69956,33312,56441,1699111375200,2023-11-04T15:22:55.116Z,0.024606,0.024607,5182.0,21434.0,105598,59766
0.024606,1000.0,1511395,1699111375132,69956,33312,56441,1699111375300,2023-11-04T15:22:55.216Z,0.024606,0.024607,4182.0,21434.0,105599,59766
0.024607,18755.0,1511396,1699111375671,69957,33312,48195,1699111375400,2023-11-04T15:22:55.331Z,0.024606,0.024607,4182.0,21434.0,105600,59766
0.024607,,,,,,,1699111375500,,0.024606,0.024607,,,,
0.024607,18755.0,1511396,1699111375671,69957,33312,48195,1699111375600,2023-11-04T15:22:55.518Z,0.024606,0.024607,22691.0,21434.0,105601,59766
0.024607,18755.0,1511396,1699111375671,69957,33312,48195,1699111375700,2023-11-04T15:22:55.617Z,0.024603,0.024607,18359.0,21434.0,105602,59766
0.024629,1380.0,1511406,1699111376042,69967,33312,5415,1699111375800,2023-11-04T15:22:55.716Z,0.024606,0.024607,19937.0,2679.0,105603,59766
0.024629,1380.0,1511406,1699111376042,69967,33312,5415,1699111375900,2023-11-04T15:22:55.817Z,0.024606,0.024607,88086.0,2679.0,105604,59766
0.024629,1380.0,1511406,1699111376042,69967,33312,5415,1699111376000,2023-11-04T15:22:55.917Z,0.024606,0.024607,89742.0,2679.0,105605,59766
0.024629,1380.0,1511406,1699111376042,69967,33312,5415,1699111376100,2023-11-04T15:22:56.019Z,0.024606,0.024607,19400.0,2679.0,105606,59766
0.024629,1380.0,1511406,1699111376042,69967,33312,5415,1699111376200,2023-11-04T15:22:56.119Z,0.024606,0.024618,1656.0,16886.0,105607,59766
0.024606,1053.0,1511407,1699111376581,69968,33312,62586,1699111376300,2023-11-04T15:22:56.242Z,0.024606,0.024618,1656.0,16886.0,105608,59766
0.024606,1053.0,1511407,1699111376581,69968,33312,62586,1699111376400,2023-11-04T15:22:56.324Z,0.024606,0.024618,1656.0,16886.0,105609,59766
0.024606,1053.0,1511407,1699111376581,69968,33312,62586,1699111376500,2023-11-04T15:22:56.418Z,0.024606,0.024616,1656.0,16886.0,105610,59766
0.024606,1053.0,1511407,1699111376581,69968,33312,62586,1699111376600,2023-11-04T15:22:56.517Z,0.024606,0.024614,1656.0,16886.0,105611,59766
0.024606,1053.0,1511407,1699111376581,69968,33312,62586,1699111376700,2023-11-04T15:22:56.618Z,0.024606,0.024616,603.0,16886.0,105612,59766
0.024606,1053.0,1511407,1699111376581,69968,33312,62586,1699111376800,2023-11-04T15:22:56.717Z,0.024609,0.024621,16876.0,16886.0,105613,59766
0.024606,1053.0,1511407,1699111376581,69968,33312,62586,1699111376900,2023-11-04T15:22:56.818Z,0.024611,0.024621,16976.0,16886.0,105614,59766
0.024614,20340.0,1511409,1699111377333,69970,33312,14424,1699111377000,2023-11-04T15:22:56.992Z,0.024612,0.024622,15011.0,26019.0,105615,59766
0.024611,820.0,1511411,1699111377413,69972,33312,31711,1699111377100,2023-11-04T15:22:57.070Z,0.024612,0.024622,15011.0,26019.0,105616,59766
0.024611,820.0,1511411,1699111377413,69972,33312,31711,1699111377200,2023-11-04T15:22:57.118Z,0.024614,0.024623,6130.0,16886.0,105617,59766
0.024611,820.0,1511411,1699111377413,69972,33312,31711,1699111377300,2023-11-04T15:22:57.220Z,0.024613,0.024623,34454.0,16886.0,105618,59766
0.024611,820.0,1511411,1699111377413,69972,33312,31711,1699111377400,2023-11-04T15:22:57.319Z,0.024616,0.024623,6130.0,16886.0,105619,59766
0.024611,820.0,1511411,1699111377413,69972,33312,31711,1699111377500,2023-11-04T15:22:57.422Z,0.024604,0.024611,10713.0,16066.0,105620,59766
0.024611,820.0,1511411,1699111377413,69972,33312,31711,1699111377600,2023-11-04T15:22:57.520Z,0.024604,0.024619,10713.0,8595.0,105621,59766
0.024611,820.0,1511411,1699111377413,69972,33312,31711,1699111377700,2023-11-04T15:22:57.620Z,0.024604,0.02461,10713.0,8200.0,105622,59766
0.024616,16545.0,1511412,1699111378081,69973,33312,765,1699111377800,2023-11-04T15:22:57.741Z,0.024606,0.02462,16876.0,8200.0,105623,59766
0.024616,16545.0,1511412,1699111378081,69973,33312,765,1699111377900,2023-11-04T15:22:57.821Z,0.02461,0.024625,16876.0,19891.0,105624,59766
0.024607,1309.0,1511413,1699111378325,69974,33312,4846,1699111378000,2023-11-04T15:22:57.985Z,0.02461,0.024626,16876.0,2040.0,105625,59766
0.024615,2156.0,1511414,1699111378353,69975,33312,14546,1699111378100,2023-11-04T15:22:58.022Z,0.02461,0.024626,16876.0,2040.0,105626,59766
0.024615,2156.0,1511414,1699111378353,69975,33312,14546,1699111378200,2023-11-04T15:22:58.122Z,0.024617,0.024628,6126.0,15762.0,105627,59766
0.024615,2156.0,1511414,1699111378353,69975,33312,14546,1699111378300,2023-11-04T15:22:58.221Z,0.024617,0.024628,6126.0,15762.0,105628,59766
0.024615,2156.0,1511414,1699111378353,69975,33312,14546,1699111378400,2023-11-04T15:22:58.322Z,0.024607,0.024622,40680.0,18824.0,105629,59766
0.024615,2156.0,1511414,1699111378353,69975,33312,14546,1699111378500,2023-11-04T15:22:58.424Z,0.024607,0.024614,39371.0,1012.0,105630,59766
0.024607,1000.0,1511415,1699111378902,69976,33312,29567,1699111378600,2023-11-04T15:22:58.560Z,0.024607,0.024619,39371.0,2958.0,105631,59766
0.024607,1000.0,1511415,1699111378902,69976,33312,29567,1699111378700,2023-11-04T15:22:58.620Z,0.024607,0.02462,39371.0,8200.0,105632,59766
0.024607,1000.0,1511415,1699111378902,69976,33312,29567,1699111378800,2023-11-04T15:22:58.722Z,0.024607,0.02462,39371.0,8200.0,105633,59766
0.024607,1000.0,1511415,1699111378902,69976,33312,29567,1699111378900,2023-11-04T15:22:58.820Z,0.024607,0.02462,39371.0,8200.0,105634,59766
0.024607,1000.0,1511415,1699111378902,69976,33312,29567,1699111379000,2023-11-04T15:22:58.922Z,0.024607,0.024615,38371.0,16886.0,105635,59766
0.024607,1000.0,1511415,1699111378902,69976,33312,29567,1699111379100,2023-11-04T15:22:59.020Z,0.024607,0.024615,38371.0,16886.0,105636,59766
0.024607,1000.0,1511415,1699111378902,69976,33312,29567,1699111379200,2023-11-04T15:22:59.120Z,0.024608,0.024616,8881.0,10645.0,105637,59766
0.024607,1000.0,1511415,1699111378902,69976,33312,29567,1699111379300,2023-11-04T15:22:59.227Z,0.024609,0.02462,6126.0,8200.0,105638,59766
0.024607,1000.0,1511415,1699111378902,69976,33312,29567,1699111379400,2023-11-04T15:22:59.322Z,0.024609,0.02462,6126.0,8200.0,105639,59766
0.024607,1000.0,1511415,1699111378902,69976,33312,29567,1699111379500,2023-11-04T15:22:59.418Z,0.024609,0.024621,6126.0,10647.0,105640,59766
0.024607,1000.0,1511415,1699111378902,69976,33312,29567,1699111379600,2023-11-04T15:22:59.520Z,0.024611,0.024624,6126.0,10642.0,105641,59766
0.024607,1000.0,1511415,1699111378902,69976,33312,29567,1699111379700,2023-11-04T15:22:59.617Z,0.024611,0.024624,6126.0,10642.0,105642,59766
0.024605,1766.0,1511422,1699111380126,69983,33312,45532,1699111379800,2023-11-04T15:22:59.784Z,0.024611,0.024624,6126.0,10642.0,105643,59766
0.024605,1766.0,1511422,1699111380126,69983,33312,45532,1699111379900,2023-11-04T15:22:59.821Z,0.024611,0.024624,6126.0,10642.0,105644,59766
0.024605,,,,,,,1699111380000,,0.024611,0.024624,,,,
0.024605,,,,,,,1699111380100,,0.024611,0.024624,,,,
0.024605,1766.0,1511422,1699111380126,69983,33312,45532,1699111380200,2023-11-04T15:23:00.123Z,0.024611,0.024624,6126.0,10642.0,105645,59766
0.024605,1766.0,1511422,1699111380126,69983,33312,45532,1699111380300,2023-11-04T15:23:00.220Z,0.024604,0.024612,10713.0,6127.0,105646,59766
0.024605,1766.0,1511422,1699111380126,69983,33312,45532,1699111380400,2023-11-04T15:23:00.317Z,0.024605,0.024616,34454.0,8881.0,105647,59766
0.024605,1766.0,1511422,1699111380126,69983,33312,45532,1699111380500,2023-11-04T15:23:00.424Z,0.024605,0.024616,34454.0,8881.0,105648,59766
0.024605,1766.0,1511422,1699111380126,69983,33312,45532,1699111380600,2023-11-04T15:23:00.518Z,0.024605,0.024616,34454.0,8881.0,105649,59766
0.024605,1766.0,1511422,1699111380126,69983,33312,45532,1699111380700,2023-11-04T15:23:00.629Z,0.024605,0.024616,34454.0,8881.0,105650,59766
0.024598,20331.0,1511427,1699111381094,69988,33312,23210,1699111380800,2023-11-04T15:23:00.753Z,0.024606,0.024616,29920.0,8881.0,105651,59766
0.024598,20331.0,1511427,1699111381094,69988,33312,23210,1699111380900,2023-11-04T15:23:00.820Z,0.024606,0.024622,29920.0,16774.0,105652,59766
0.024598,20331.0,1511427,1699111381094,69988,33312,23210,1699111381000,2023-11-04T15:23:00.918Z,0.024606,0.024622,29920.0,16774.0,105653,59766
0.024598,20331.0,1511427,1699111381094,69988,33312,23210,1699111381100,2023-11-04T15:23:01.021Z,0.024606,0.024622,29920.0,16774.0,105654,59766
0.024586,503.0,1511429,1699111381522,69990,33312,23427,1699111381200,2023-11-04T15:23:01.182Z,0.024586,0.024604,8334.0,16876.0,105655,59766
0.024586,503.0,1511429,1699111381522,69990,33312,23427,1699111381300,2023-11-04T15:23:01.220Z,0.024587,0.02459,20764.0,8200.0,105656,59766
0.024589,840.0,1511430,1699111381668,69991,33312,58413,1699111381400,2023-11-04T15:23:01.326Z,0.024587,0.024595,20764.0,6127.0,105657,59766
0.024589,840.0,1511430,1699111381668,69991,33312,58413,1699111381500,2023-11-04T15:23:01.421Z,0.024587,0.024588,444.0,6127.0,105658,59766
0.024589,840.0,1511430,1699111381668,69991,33312,58413,1699111381600,2023-11-04T15:23:01.519Z,0.024587,0.024588,444.0,6127.0,105659,59766
0.024589,840.0,1511430,1699111381668,69991,33312,58413,1699111381700,2023-11-04T15:23:01.620Z,0.024586,0.024587,7831.0,6127.0,105660,59766
0.024589,840.0,1511430,1699111381668,69991,33312,58413,1699111381800,2023-11-04T15:23:01.720Z,0.024589,0.024609,15882.0,964.0,105661,59766
0.024589,840.0,1511430,1699111381668,69991,33312,58413,1699111381900,2023-11-04T15:23:01.822Z,0.024588,0.024609,19330.0,964.0,105662,59766
0.024589,840.0,1511430,1699111381668,69991,33312,58413,1699111382000,2023-11-04T15:23:01.921Z,0.02459,0.024609,16722.0,964.0,105663,59766
0.024589,840.0,1511430,1699111381668,69991,33312,58413,1699111382100,2023-11-04T15:23:02.024Z,0.02459,0.024609,16722.0,964.0,105664,59766
0.024589,840.0,1511430,1699111381668,69991,33312,58413,1699111382200,2023-11-04T15:23:02.120Z,0.024587,0.024603,28248.0,29777.0,105665,59766
0.024589,840.0,1511430,1699111381668,69991,33312,58413,1699111382300,2023-11-04T15:23:02.222Z,0.024588,0.0246,18409.0,6127.0,105666,59766
0.024589,840.0,1511430,1699111381668,69991,33312,58413,1699111382400,2023-11-04T15:23:02.321Z,0.02459,0.024609,19654.0,964.0,105667,59766
0.024589,840.0,1511430,1699111381668,69991,33312,58413,1699111382500,2023-11-04T15:23:02.422Z,0.024591,0.024606,18426.0,6127.0,105668,59766
0.024589,840.0,1511430,1699111381668,69991,33312,58413,1699111382600,2023-11-04T15:23:02.521Z,0.02459,0.024606,17812.0,6127.0,105669,59766
0.024589,840.0,1511430,1699111381668,69991,33312,58413,1699111382700,2023-11-04T15:23:02.622Z,0.02459,0.024606,17812.0,6127.0,105670,59766
0.024589,840.0,1511430,1699111381668,69991,33312,58413,1699111382800,2023-11-04T15:23:02.722Z,0.024593,0.024609,17351.0,964.0,105671,59766
0.024589,840.0,1511430,1699111381668,69991,33312,58413,1699111382900,2023-11-04T15:23:02.822Z,0.024591,0.024608,17812.0,6127.0,105672,59766
0.024589,840.0,1511430,1699111381668,69991,33312,58413,1699111383000,2023-11-04T15:23:02.925Z,0.024591,0.024608,17198.0,6127.0,105673,59766
0.024589,840.0,1511430,1699111381668,69991,33312,58413,1699111383100,2023-11-04T15:23:03.021Z,0.024589,0.024605,18733.0,8379.0,105674,59766
0.024589,840.0,1511430,1699111381668,69991,33312,58413,1699111383200,2023-11-04T15:23:03.119Z,0.02459,0.024607,16583.0,2981.0,105675,59766
0.024589,840.0,1511430,1699111381668,69991,33312,58413,1699111383300,2023-11-04T15:23:03.221Z,0.024591,0.024607,17965.0,2981.0,105676,59766
0.024589,840.0,1511430,1699111381668,69991,33312,58413,1699111383400,2023-11-04T15:23:03.324Z,0.024593,0.024607,18727.0,2981.0,105677,59766
0.024589,840.0,1511430,1699111381668,69991,33312,58413,1699111383500,2023-11-04T15:23:03.423Z,0.024589,0.024607,19494.0,2981.0,105678,59766
0.024589,840.0,1511430,1699111381668,69991,33312,58413,1699111383600,2023-11-04T15:23:03.523Z,0.024593,0.024607,18113.0,2981.0,105679,59766
0.024589,840.0,1511430,1699111381668,69991,33312,58413,1699111383700,2023-11-04T15:23:03.622Z,0.024595,0.024607,16271.0,2981.0,105680,59766
0.024589,840.0,1511430,1699111381668,69991,33312,58413,1699111383800,2023-11-04T15:23:03.724Z,0.024595,0.024607,15810.0,2981.0,105681,59766
0.024589,840.0,1511430,1699111381668,69991,33312,58413,1699111383900,2023-11-04T15:23:03.823Z,0.02459,0.024603,19341.0,6127.0,105682,59766
0.024589,840.0,1511430,1699111381668,69991,33312,58413,1699111384000,2023-11-04T15:23:03.924Z,0.024592,0.024602,18266.0,6127.0,105683,59766
0.024589,840.0,1511430,1699111381668,69991,33312,58413,1699111384100,2023-11-04T15:23:04.024Z,0.024589,0.024603,16578.0,6127.0,105684,59766
0.024589,840.0,1511430,1699111381668,69991,33312,58413,1699111384200,2023-11-04T15:23:04.123Z,0.024594,0.024604,15810.0,34454.0,105685,59766
0.024589,840.0,1511430,1699111381668,69991,33312,58413,1699111384300,2023-11-04T15:23:04.222Z,0.024594,0.024604,15810.0,34454.0,105686,59766
0.024589,840.0,1511430,1699111381668,69991,33312,58413,1699111384400,2023-11-04T15:23:04.324Z,0.024594,0.024604,15810.0,34454.0,105687,59766
0.024589,840.0,1511430,1699111381668,69991,33312,58413,1699111384500,2023-11-04T15:23:04.423Z,0.024594,0.024604,15810.0,34454.0,105688,59766
0.024589,840.0,1511430,1699111381668,69991,33312,58413,1699111384600,2023-11-04T15:23:04.522Z,0.024596,0.024601,8881.0,6127.0,105689,59766
0.024589,840.0,1511430,1699111381668,69991,33312,58413,1699111384700,2023-11-04T15:23:04.624Z,0.024596,0.024601,8881.0,6127.0,105690,59766
0.024589,840.0,1511430,1699111381668,69991,33312,58413,1699111384800,2023-11-04T15:23:04.723Z,0.024596,0.024601,8881.0,6127.0,105691,59766
0.024589,840.0,1511430,1699111381668,69991,33312,58413,1699111384900,2023-11-04T15:23:04.828Z,0.024596,0.024602,8881.0,16886.0,105692,59766
0.024589,840.0,1511430,1699111381668,69991,33312,58413,1699111385000,2023-11-04T15:23:04.923Z,0.024596,0.024602,8881.0,16886.0,105693,59766
0.024589,,,,,,,1699111385100,,0.024596,0.024602,,,,
0.024589,840.0,1511430,1699111381668,69991,33312,58413,1699111385200,2023-11-04T15:23:05.122Z,0.024596,0.024602,8881.0,16886.0,105694,59766
0.024589,840.0,1511430,1699111381668,69991,33312,58413,1699111385300,2023-11-04T15:23:05.223Z,0.024596,0.024602,8881.0,16886.0,105695,59766
0.024589,840.0,1511430,1699111381668,69991,33312,58413,1699111385400,2023-11-04T15:23:05.324Z,0.024596,0.024602,8881.0,16886.0,105696,59766
0.024589,840.0,1511430,1699111381668,69991,33312,58413,1699111385500,2023-11-04T15:23:05.423Z,0.024596,0.024602,8881.0,16886.0,105697,59766
0.024596,8881.0,1511431,1699111385924,69992,33312,60603,1699111385600,2023-11-04T15:23:05.582Z,0.024596,0.024602,8881.0,16886.0,105698,59766
0.024596,8881.0,1511431,1699111385924,69992,33312,60603,1699111385700,2023-11-04T15:23:05.624Z,0.024596,0.024602,8881.0,16886.0,105699,59766
0.024596,8881.0,1511431,1699111385924,69992,33312,60603,1699111385800,2023-11-04T15:23:05.724Z,0.024596,0.024602,8881.0,16886.0,105700,59766
0.024593,1000.0,1511433,1699111386163,69994,33312,49212,1699111385900,2023-11-04T15:23:05.825Z,0.024596,0.024602,8881.0,16886.0,105701,59766
0.024593,1000.0,1511433,1699111386163,69994,33312,49212,1699111386000,2023-11-04T15:23:05.924Z,0.024596,0.024602,8881.0,16886.0,105702,59766
0.02459,1000.0,1511434,1699111386354,69995,33312,35413,1699111386100,2023-11-04T15:23:06.023Z,0.024592,0.024595,19814.0,9692.0,105703,59766
0.02459,1000.0,1511434,1699111386354,69995,33312,35413,1699111386200,2023-11-04T15:23:06.125Z,0.024594,0.024595,15974.0,9692.0,105704,59766
0.02459,1000.0,1511434,1699111386354,69995,33312,35413,1699111386300,2023-11-04T15:23:06.224Z,0.024591,0.024595,19353.0,9692.0,105705,59766
0.02459,1000.0,1511434,1699111386354,69995,33312,35413,1699111386400,2023-11-04T15:23:06.324Z,0.02459,0.024595,34240.0,9692.0,105706,59766
0.02459,1000.0,1511434,1699111386354,69995,33312,35413,1699111386500,2023-11-04T15:23:06.424Z,0.02459,0.024595,33240.0,9692.0,105707,59766
0.02459,1000.0,1511434,1699111386354,69995,33312,35413,1699111386600,2023-11-04T15:23:06.523Z,0.024593,0.024595,17967.0,9692.0,105708,59766
0.02459,1000.0,1511434,1699111386354,69995,33312,35413,1699111386700,2023-11-04T15:23:06.623Z,0.024592,0.024595,17507.0,9692.0,105709,59766
0.02459,1000.0,1511434,1699111386354,69995,33312,35413,1699111386800,2023-11-04T15:23:06.726Z,0.024592,0.024595,17507.0,9692.0,105710,59766
0.02459,1000.0,1511434,1699111386354,69995,33312,35413,1699111386900,2023-11-04T15:23:06.824Z,0.024592,0.024595,17507.0,9692.0,105711,59766
0.024595,17386.0,1511435,1699111387316,69996,33312,16248,1699111387000,2023-11-04T15:23:06.975Z,0.024592,0.024595,17507.0,9692.0,105711,59766
0.024595,17386.0,1511435,1699111387316,69996,33312,16248,1699111387100,2023-11-04T15:23:07.026Z,0.024592,0.024595,17507.0,17386.0,105712,59766
0.024595,17386.0,1511435,1699111387316,69996,33312,16248,1699111387200,2023-11-04T15:23:07.122Z,0.024593,0.024595,40680.0,17386.0,105713,59766
0.024595,17386.0,1511435,1699111387316,69996,33312,16248,1699111387300,2023-11-04T15:23:07.225Z,0.024593,0.024595,40680.0,17386.0,105714,59766
0.024595,17386.0,1511435,1699111387316,69996,33312,16248,1699111387400,2023-11-04T15:23:07.325Z,0.024593,0.024603,40680.0,16886.0,105715,59766
0.024595,17386.0,1511435,1699111387316,69996,33312,16248,1699111387500,2023-11-04T15:23:07.424Z,0.024593,0.024603,40680.0,16886.0,105716,59766
0.024595,17386.0,1511435,1699111387316,69996,33312,16248,1699111387600,2023-11-04T15:23:07.528Z,0.024593,0.024603,60197.0,16886.0,105717,59766
0.024595,17386.0,1511435,1699111387316,69996,33312,16248,1699111387700,2023-11-04T15:23:07.625Z,0.024595,0.024603,17366.0,16886.0,105718,59766
0.024595,17386.0,1511435,1699111387316,69996,33312,16248,1699111387800,2023-11-04T15:23:07.726Z,0.024593,0.0246,40680.0,2955.0,105719,59766
0.024595,17386.0,1511435,1699111387316,69996,33312,16248,1699111387900,2023-11-04T15:23:07.828Z,0.024594,0.024603,15829.0,16886.0,105720,59766
0.024595,17386.0,1511435,1699111387316,69996,33312,16248,1699111388000,2023-11-04T15:23:07.925Z,0.024594,0.024603,15829.0,16886.0,105721,59766
0.024595,17386.0,1511435,1699111387316,69996,33312,16248,1699111388100,2023-11-04T15:23:08.024Z,0.024594,0.024603,15829.0,16886.0,105722,59766
0.024603,4547.0,1511436,1699111388457,69997,33312,27539,1699111388200,2023-11-04T15:23:08.124Z,0.024594,0.024602,15522.0,5910.0,105723,59766
0.024603,4547.0,1511436,1699111388457,69997,33312,27539,1699111388300,2023-11-04T15:23:08.227Z,0.024594,0.024602,15522.0,5910.0,105724,59766
0.024603,4547.0,1511436,1699111388457,69997,33312,27539,1699111388400,2023-11-04T15:23:08.343Z,0.024594,0.024603,15522.0,16886.0,105725,59766
0.024603,4547.0,1511436,1699111388457,69997,33312,27539,1699111388500,2023-11-04T15:23:08.425Z,0.024594,0.024603,15522.0,16886.0,105726,59766
0.024603,4547.0,1511436,1699111388457,69997,33312,27539,1699111388600,2023-11-04T15:23:08.525Z,0.024594,0.024604,16763.0,5991.0,105727,59766
0.024603,4547.0,1511436,1699111388457,69997,33312,27539,1699111388700,2023-11-04T15:23:08.626Z,0.024594,0.024603,16763.0,16886.0,105728,59766
0.024594,1611.0,1511437,1699111389064,69998,33312,62316,1699111388800,2023-11-04T15:23:08.725Z,0.024594,0.024603,16763.0,16886.0,105729,59766
0.024594,1611.0,1511437,1699111389064,69998,33312,62316,1699111388900,2023-11-04T15:23:08.826Z,0.024594,0.024602,16763.0,6127.0,105730,59766
0.024594,1611.0,1511437,1699111389064,69998,33312,62316,1699111389000,2023-11-04T15:23:08.927Z,0.024594,0.024602,16763.0,6127.0,105731,59766
0.024594,1611.0,1511437,1699111389064,69998,33312,62316,1699111389100,2023-11-04T15:23:09.026Z,0.024594,0.024602,16763.0,6127.0,105732,59766
0.024594,1611.0,1511437,1699111389064,69998,33312,62316,1699111389200,2023-11-04T15:23:09.124Z,0.024594,0.024595,15152.0,6127.0,105733,59766
0.024594,1611.0,1511437,1699111389064,69998,33312,62316,1699111389300,2023-11-04T15:23:09.226Z,0.024594,0.024595,15152.0,6127.0,105734,59766
0.024594,1611.0,1511437,1699111389064,69998,33312,62316,1699111389400,2023-11-04T15:23:09.326Z,0.024595,0.024604,33277.0,5991.0,105735,59766
0.024594,1611.0,1511437,1699111389064,69998,33312,62316,1699111389500,2023-11-04T15:23:09.425Z,0.024595,0.024604,33277.0,5991.0,105736,59766
0.024594,1611.0,1511437,1699111389064,69998,33312,62316,1699111389600,2023-11-04T15:23:09.527Z,0.024595,0.024604,33277.0,5991.0,105737,59766
0.024594,1611.0,1511437,1699111389064,69998,33312,62316,1699111389700,2023-11-04T15:23:09.629Z,0.024595,0.024604,33277.0,5991.0,105738,59766
0.024594,,,,,,,1699111389800,,0.024595,0.024604,,,,
0.024594,1611.0,1511437,1699111389064,69998,33312,62316,1699111389900,2023-11-04T15:23:09.826Z,0.024595,0.024604,33277.0,5991.0,105739,59766
0.024594,1611.0,1511437,1699111389064,69998,33312,62316,1699111390000,2023-11-04T15:23:09.925Z,0.024595,0.024604,33277.0,5991.0,105740,59766
0.024594,1611.0,1511437,1699111389064,69998,33312,62316,1699111390100,2023-11-04T15:23:10.025Z,0.024595,0.024604,33277.0,5991.0,105741,59766
0.024594,,,,,,,1699111390200,,0.024595,0.024604,,,,
0.024594,1611.0,1511437,1699111389064,69998,33312,62316,1699111390300,2023-11-04T15:23:10.226Z,0.024595,0.024604,33277.0,5991.0,105742,59766
0.024594,1611.0,1511437,1699111389064,69998,33312,62316,1699111390400,2023-11-04T15:23:10.330Z,0.024595,0.024604,33277.0,5991.0,105743,59766
0.024594,1611.0,1511437,1699111389064,69998,33312,62316,1699111390500,2023-11-04T15:23:10.426Z,0.024595,0.024604,33277.0,5991.0,105744,59766
0.024594,1611.0,1511437,1699111389064,69998,33312,62316,1699111390600,2023-11-04T15:23:10.527Z,0.024595,0.024604,33277.0,5991.0,105745,59766
0.024594,1611.0,1511437,1699111389064,69998,33312,62316,1699111390700,2023-11-04T15:23:10.635Z,0.024595,0.024604,41944.0,5991.0,105746,59766
0.024594,1611.0,1511437,1699111389064,69998,33312,62316,1699111390800,2023-11-04T15:23:10.728Z,0.024595,0.024604,84316.0,5991.0,105747,59766
0.024594,1611.0,1511437,1699111389064,69998,33312,62316,1699111390900,2023-11-04T15:23:10.828Z,0.024595,0.024604,84316.0,5991.0,105748,59766
0.024604,2705.0,1511438,1699111391333,69999,33312,11039,1699111391000,2023-11-04T15:23:10.993Z,0.024595,0.024604,126688.0,5991.0,105749,59766
0.024604,2705.0,1511438,1699111391333,69999,33312,11039,1699111391100,2023-11-04T15:23:11.033Z,0.024595,0.024604,126688.0,5991.0,105750,59766
0.024595,1053.0,1511439,1699111391531,70000,33312,8261,1699111391200,2023-11-04T15:23:11.189Z,0.024595,0.024604,126688.0,5991.0,105750,59766
0.024595,1053.0,1511439,1699111391531,70000,33312,8261,1699111391300,2023-11-04T15:23:11.226Z,0.024595,0.024604,126688.0,5991.0,105751,59766
0.024595,1053.0,1511439,1699111391531,70000,33312,8261,1699111391400,2023-11-04T15:23:11.327Z,0.024595,0.024604,93411.0,5991.0,105752,59766
0.024595,1053.0,1511439,1699111391531,70000,33312,8261,1699111391500,2023-11-04T15:23:11.428Z,0.024595,0.024604,93411.0,3286.0,105753,59766
0.024595,1053.0,1511439,1699111391531,70000,33312,8261,1699111391600,2023-11-04T15:23:11.526Z,0.024595,0.024604,93411.0,3286.0,105754,59766
0.024595,1053.0,1511439,1699111391531,70000,33312,8261,1699111391700,2023-11-04T15:23:11.627Z,0.024595,0.024604,92358.0,3286.0,105755,59766
0.024604,755.0,1511440,1699111392112,70001,33312,11997,1699111391800,2023-11-04T15:23:11.772Z,0.024595,0.024604,92358.0,3286.0,105756,59766
0.024604,755.0,1511440,1699111392112,70001,33312,11997,1699111391900,2023-11-04T15:23:11.828Z,0.024595,0.024604,92358.0,3286.0,105757,59766
0.024596,1207.0,1511441,1699111392243,70002,33312,48084,1699111392000,2023-11-04T15:23:11.928Z,0.024595,0.024604,92358.0,3286.0,105758,59766
0.024596,332.0,1511442,1699111392380,70003,33312,31420,1699111392100,2023-11-04T15:23:12.037Z,0.024595,0.024604,92358.0,3286.0,105759,59766
0.024596,332.0,1511442,1699111392380,70003,33312,31420,1699111392200,2023-11-04T15:23:12.126Z,0.024596,0.024604,40680.0,2531.0,105760,59766
0.024596,332.0,1511442,1699111392380,70003,33312,31420,1699111392300,2023-11-04T15:23:12.228Z,0.024596,0.024604,40680.0,2531.0,105761,59766
0.024596,332.0,1511442,1699111392380,70003,33312,31420,1699111392400,2023-11-04T15:23:12.329Z,0.024596,0.024604,39473.0,2531.0,105762,59766
0.024596,332.0,1511442,1699111392380,70003,33312,31420,1699111392500,2023-11-04T15:23:12.427Z,0.024596,0.024604,39141.0,2531.0,105763,59766
0.024596,19264.0,1511444,1699111392892,70005,33312,59474,1699111392600,2023-11-04T15:23:12.550Z,0.024596,0.024604,39141.0,2531.0,105764,59766
0.024597,9885.0,1511445,1699111393012,70006,33312,35270,1699111392700,2023-11-04T15:23:12.667Z,0.024596,0.024604,39141.0,2531.0,105765,59766
0.024597,9885.0,1511445,1699111393012,70006,33312,35270,1699111392800,2023-11-04T15:23:12.730Z,0.024596,0.024602,39141.0,16886.0,105766,59766
0.024597,9885.0,1511445,1699111393012,70006,33312,35270,1699111392900,2023-11-04T15:23:12.828Z,0.024596,0.0246,39141.0,16886.0,105767,59766
0.024596,244.0,1511448,1699111393333,70009,33312,62846,1699111393000,2023-11-04T15:23:12.992Z,0.024596,0.024597,2752.0,16886.0,105768,59766
0.024586,1317.0,1511450,1699111393345,70011,33312,57455,1699111393100,2023-11-04T15:23:13.028Z,0.024596,0.024597,2752.0,16886.0,105769,59766
0.024586,1317.0,1511450,1699111393345,70011,33312,57455,1699111393200,2023-11-04T15:23:13.127Z,0.024596,0.024597,2752.0,16886.0,105770,59766
0.024586,1317.0,1511450,1699111393345,70011,33312,57455,1699111393300,2023-11-04T15:23:13.230Z,0.024596,0.024597,2752.0,16886.0,105771,59766
0.024586,1317.0,1511450,1699111393345,70011,33312,57455,1699111393400,2023-11-04T15:23:13.328Z,0.024596,0.024597,2508.0,16886.0,105772,59766
0.024586,1317.0,1511450,1699111393345,70011,33312,57455,1699111393500,2023-11-04T15:23:13.429Z,0.024586,0.024587,6514.0,7001.0,105773,59766
0.024586,1317.0,1511450,1699111393345,70011,33312,57455,1699111393600,2023-11-04T15:23:13.530Z,0.024586,0.024587,6514.0,7001.0,105774,59766
0.024586,1317.0,1511450,1699111393345,70011,33312,57455,1699111393700,2023-11-04T15:23:13.628Z,0.024586,0.024587,6514.0,7001.0,105775,59766
0.024586,1239.0,1511451,1699111394118,70012,33312,49572,1699111393800,2023-11-04T15:23:13.777Z,0.024586,0.024587,6514.0,7001.0,105776,59766
0.024586,1239.0,1511451,1699111394118,70012,33312,49572,1699111393900,2023-11-04T15:23:13.831Z,0.024586,0.024587,6514.0,7001.0,105777,59766
0.024586,1239.0,1511451,1699111394118,70012,33312,49572,1699111394000,2023-11-04T15:23:13.926Z,0.024586,0.024587,6514.0,7001.0,105778,59766
0.024586,1239.0,1511451,1699111394118,70012,33312,49572,1699111394100,2023-11-04T15:23:14.030Z,0.024586,0.024587,6514.0,7001.0,105779,59766
0.024586,1239.0,1511451,1699111394118,70012,33312,49572,1699111394200,2023-11-04T15:23:14.127Z,0.024586,0.02459,5275.0,8200.0,105780,59766
