Price,Quantity,TradeID,RecTimestamp,Syn_id||trades_meme,Batch_uid||trades_meme,CRC,__timestamp,__str_iso_timestamp,bid,ask,bid_size,ask_size,Syn_id||bidask_meme,Batch_uid||bidask_meme
0.024759,4000.0,1514144,1699112320050,72660,33312,61609,1699112320100,2023-11-04T15:38:40.079Z,0.02476,0.024766,16886.0,442.0,114212,59766
0.024759,4000.0,1514144,1699112320050,72660,33312,61609,1699112320200,2023-11-04T15:38:40.186Z,0.024762,0.024766,16886.0,442.0,114213,59766
0.024759,4000.0,1514144,1699112320050,72660,33312,61609,1699112320300,2023-11-04T15:38:40.276Z,0.024762,0.024766,16886.0,442.0,114214,59766
0.024759,4000.0,1514144,1699112320050,72660,33312,61609,1699112320400,2023-11-04T15:38:40.375Z,0.024762,0.024766,16886.0,442.0,114215,59766
0.024759,4000.0,1514144,1699112320050,72660,33312,61609,1699112320500,2023-11-04T15:38:40.474Z,0.024762,0.024766,16886.0,442.0,114216,59766
0.024759,4000.0,1514144,1699112320050,72660,33312,61609,1699112320600,2023-11-04T15:38:40.580Z,0.024762,0.024766,16886.0,442.0,114217,59766
0.024759,4000.0,1514144,1699112320050,72660,33312,61609,1699112320700,2023-11-04T15:38:40.681Z,0.024762,0.024766,16886.0,442.0,114218,59766
0.024759,4000.0,1514144,1699112320050,72660,33312,61609,1699112320800,2023-11-04T15:38:40.776Z,0.024762,0.024766,16886.0,442.0,114219,59766
0.024759,4000.0,1514144,1699112320050,72660,33312,61609,1699112320900,2023-11-04T15:38:40.876Z,0.024762,0.024766,16886.0,442.0,114220,59766
0.024759,,,,,,,1699112321000,,0.024762,0.024766,,,,
0.024759,4000.0,1514144,1699112320050,72660,33312,61609,1699112321100,2023-11-04T15:38:41.079Z,0.024762,0.024766,16886.0,442.0,114221,59766
0.024759,4000.0,1514144,1699112320050,72660,33312,61609,1699112321200,2023-11-04T15:38:41.179Z,0.024762,0.024766,16886.0,442.0,114222,59766
0.024759,4000.0,1514144,1699112320050,72660,33312,61609,1699112321300,2023-11-04T15:38:41.281Z,0.024762,0.024766,16886.0,442.0,114223,59766
0.024759,4000.0,1514144,1699112320050,72660,33312,61609,1699112321400,2023-11-04T15:38:41.376Z,0.024758,0.024762,16886.0,10075.0,114224,59766
0.024759,4000.0,1514144,1699112320050,72660,33312,61609,1699112321500,2023-11-04T15:38:41.476Z,0.024758,0.024762,16886.0,10075.0,114225,59766
0.024759,4000.0,1514144,1699112320050,72660,33312,61609,1699112321600,2023-11-04T15:38:41.575Z,0.024753,0.024762,38206.0,10075.0,114226,59766
0.024759,4000.0,1514144,1699112320050,72660,33312,61609,1699112321700,2023-11-04T15:38:41.678Z,0.024758,0.024762,16886.0,10075.0,114227,59766
0.024763,203.0,1514145,1699112321912,72661,33312,42537,1699112321800,2023-11-04T15:38:41.782Z,0.024758,0.024762,16886.0,10075.0,114228,59766
0.024763,203.0,1514145,1699112321912,72661,33312,42537,1699112321900,2023-11-04T15:38:41.876Z,0.024758,0.024763,16886.0,25573.0,114229,59766
0.024763,203.0,1514145,1699112321912,72661,33312,42537,1699112322000,2023-11-04T15:38:41.976Z,0.024758,0.024762,16886.0,10075.0,114230,59766
0.024763,203.0,1514145,1699112321912,72661,33312,42537,1699112322100,2023-11-04T15:38:42.078Z,0.024757,0.024762,16886.0,10075.0,114231,59766
0.024763,203.0,1514145,1699112321912,72661,33312,42537,1699112322200,2023-11-04T15:38:42.179Z,0.024757,0.024762,16886.0,10075.0,114232,59766
0.024763,203.0,1514145,1699112321912,72661,33312,42537,1699112322300,2023-11-04T15:38:42.275Z,0.024757,0.024762,16886.0,10075.0,114233,59766
0.024763,203.0,1514145,1699112321912,72661,33312,42537,1699112322400,2023-11-04T15:38:42.376Z,0.024757,0.024762,16886.0,10075.0,114234,59766
0.024763,203.0,1514145,1699112321912,72661,33312,42537,1699112322500,2023-11-04T15:38:42.477Z,0.024757,0.024762,16886.0,10075.0,114235,59766
0.024755,421.0,1514146,1699112322727,72662,33312,20324,1699112322600,2023-11-04T15:38:42.597Z,0.024755,0.024762,9508.0,10075.0,114236,59766
0.024755,421.0,1514146,1699112322727,72662,33312,20324,1699112322700,2023-11-04T15:38:42.676Z,0.024756,0.02476,16886.0,10075.0,114237,59766
0.024755,421.0,1514146,1699112322727,72662,33312,20324,1699112322800,2023-11-04T15:38:42.778Z,0.024755,0.024762,36474.0,10075.0,114238,59766
0.024755,421.0,1514146,1699112322727,72662,33312,20324,1699112322900,2023-11-04T15:38:42.880Z,0.024755,0.024762,36474.0,10075.0,114239,59766
0.024755,421.0,1514146,1699112322727,72662,33312,20324,1699112323000,2023-11-04T15:38:42.975Z,0.024755,0.024762,36474.0,10075.0,114240,59766
0.024755,421.0,1514146,1699112322727,72662,33312,20324,1699112323100,2023-11-04T15:38:43.076Z,0.024755,0.024762,36474.0,10075.0,114241,59766
0.024755,421.0,1514146,1699112322727,72662,33312,20324,1699112323200,2023-11-04T15:38:43.178Z,0.024759,0.024764,16465.0,10957.0,114242,59766
0.024755,421.0,1514146,1699112322727,72662,33312,20324,1699112323300,2023-11-04T15:38:43.276Z,0.02476,0.024764,9443.0,10957.0,114243,59766
0.024755,421.0,1514146,1699112322727,72662,33312,20324,1699112323400,2023-11-04T15:38:43.379Z,0.02476,0.024764,9443.0,10957.0,114244,59766
0.024755,421.0,1514146,1699112322727,72662,33312,20324,1699112323500,2023-11-04T15:38:43.479Z,0.02476,0.024764,9443.0,10957.0,114245,59766
0.024755,421.0,1514146,1699112322727,72662,33312,20324,1699112323600,2023-11-04T15:38:43.584Z,0.02476,0.024764,9443.0,10957.0,114246,59766
0.024755,421.0,1514146,1699112322727,72662,33312,20324,1699112323700,2023-11-04T15:38:43.682Z,0.02476,0.024764,9443.0,10957.0,114247,59766
0.024755,421.0,1514146,1699112322727,72662,33312,20324,1699112323800,2023-11-04T15:38:43.777Z,0.02476,0.024764,9443.0,10957.0,114248,59766
0.024755,421.0,1514146,1699112322727,72662,33312,20324,1699112323900,2023-11-04T15:38:43.878Z,0.02476,0.024764,9443.0,10957.0,114249,59766
0.024755,421.0,1514146,1699112322727,72662,33312,20324,1699112324000,2023-11-04T15:38:43.981Z,0.024763,0.024764,619.0,10957.0,114250,59766
0.024755,421.0,1514146,1699112322727,72662,33312,20324,1699112324100,2023-11-04T15:38:44.080Z,0.024763,0.024764,619.0,10957.0,114251,59766
0.024755,421.0,1514146,1699112322727,72662,33312,20324,1699112324200,2023-11-04T15:38:44.182Z,0.024763,0.024764,619.0,10496.0,114252,59766
0.024755,421.0,1514146,1699112322727,72662,33312,20324,1699112324300,2023-11-04T15:38:44.280Z,0.024763,0.024764,619.0,10496.0,114253,59766
0.024755,421.0,1514146,1699112322727,72662,33312,20324,1699112324400,2023-11-04T15:38:44.381Z,0.024763,0.024764,619.0,10496.0,114254,59766
0.024755,421.0,1514146,1699112322727,72662,33312,20324,1699112324500,2023-11-04T15:38:44.481Z,0.024763,0.024764,619.0,10496.0,114255,59766
0.024755,421.0,1514146,1699112322727,72662,33312,20324,1699112324600,2023-11-04T15:38:44.583Z,0.024763,0.024764,619.0,10496.0,114256,59766
0.024763,341.0,1514147,1699112324787,72663,33312,49085,1699112324700,2023-11-04T15:38:44.656Z,0.024763,0.024764,619.0,10496.0,114256,59766
0.024763,341.0,1514147,1699112324787,72663,33312,49085,1699112324800,2023-11-04T15:38:44.778Z,0.024763,0.024764,619.0,10496.0,114257,59766
0.024763,341.0,1514147,1699112324787,72663,33312,49085,1699112324900,2023-11-04T15:38:44.878Z,0.024763,0.024764,278.0,10496.0,114258,59766
0.024763,341.0,1514147,1699112324787,72663,33312,49085,1699112325000,2023-11-04T15:38:44.978Z,0.024763,0.024764,278.0,10496.0,114259,59766
0.024763,,,,,,,1699112325100,,0.024763,0.024764,,,,
0.024763,341.0,1514147,1699112324787,72663,33312,49085,1699112325200,2023-11-04T15:38:45.180Z,0.024763,0.024764,278.0,10496.0,114260,59766
0.024763,341.0,1514147,1699112324787,72663,33312,49085,1699112325300,2023-11-04T15:38:45.280Z,0.024763,0.024764,278.0,10496.0,114261,59766
0.024763,341.0,1514147,1699112324787,72663,33312,49085,1699112325400,2023-11-04T15:38:45.381Z,0.024763,0.024764,278.0,10496.0,114262,59766
0.024763,341.0,1514147,1699112324787,72663,33312,49085,1699112325500,2023-11-04T15:38:45.480Z,0.024763,0.024764,278.0,10496.0,114263,59766
0.024763,,,,,,,1699112325600,,0.024763,0.024764,,,,
0.024763,341.0,1514147,1699112324787,72663,33312,49085,1699112325700,2023-11-04T15:38:45.683Z,0.024763,0.024764,278.0,10496.0,114264,59766
0.024763,,,,,,,1699112325800,,0.024763,0.024764,,,,
0.024763,,,,,,,1699112325900,,0.024763,0.024764,,,,
0.024763,341.0,1514147,1699112324787,72663,33312,49085,1699112326000,2023-11-04T15:38:45.977Z,0.024763,0.024764,278.0,10496.0,114265,59766
0.024763,341.0,1514147,1699112324787,72663,33312,49085,1699112326100,2023-11-04T15:38:46.080Z,0.024763,0.024764,278.0,10496.0,114266,59766
0.024763,,,,,,,1699112326200,,0.024763,0.024764,,,,
0.024763,,,,,,,1699112326300,,0.024763,0.024764,,,,
0.024757,8761.0,1514151,1699112326450,72667,33312,42689,1699112326400,2023-11-04T15:38:46.321Z,0.024763,0.024764,278.0,10496.0,114266,59766
0.024757,8761.0,1514151,1699112326450,72667,33312,42689,1699112326500,2023-11-04T15:38:46.479Z,0.024759,0.024764,9538.0,10496.0,114267,59766
0.024757,8761.0,1514151,1699112326450,72667,33312,42689,1699112326600,2023-11-04T15:38:46.582Z,0.024758,0.024764,48471.0,10496.0,114268,59766
0.024757,8761.0,1514151,1699112326450,72667,33312,42689,1699112326700,2023-11-04T15:38:46.682Z,0.024758,0.024764,48471.0,10496.0,114269,59766
0.024757,8761.0,1514151,1699112326450,72667,33312,42689,1699112326800,2023-11-04T15:38:46.785Z,0.024759,0.024764,13877.0,10496.0,114270,59766
0.024757,8761.0,1514151,1699112326450,72667,33312,42689,1699112326900,2023-11-04T15:38:46.881Z,0.024759,0.024764,13877.0,10496.0,114271,59766
0.024757,8761.0,1514151,1699112326450,72667,33312,42689,1699112327000,2023-11-04T15:38:46.977Z,0.024759,0.024764,13877.0,10496.0,114272,59766
0.024759,12129.0,1514153,1699112327148,72669,33312,49612,1699112327100,2023-11-04T15:38:47.077Z,0.02476,0.024764,7114.0,10496.0,114273,59766
0.024759,12129.0,1514153,1699112327148,72669,33312,49612,1699112327200,2023-11-04T15:38:47.179Z,0.02476,0.024764,6527.0,21028.0,114274,59766
0.024765,29664.0,1514154,1699112327342,72670,33312,40342,1699112327300,2023-11-04T15:38:47.283Z,0.02476,0.024764,6527.0,10532.0,114275,59766
0.024765,29664.0,1514154,1699112327342,72670,33312,40342,1699112327400,2023-11-04T15:38:47.381Z,0.02476,0.024765,28462.0,532607.0,114276,59766
0.024765,29664.0,1514154,1699112327342,72670,33312,40342,1699112327500,2023-11-04T15:38:47.484Z,0.02476,0.024765,3558.0,532607.0,114277,59766
0.024765,29664.0,1514154,1699112327342,72670,33312,40342,1699112327600,2023-11-04T15:38:47.585Z,0.02476,0.024765,3558.0,532607.0,114278,59766
0.024765,29664.0,1514154,1699112327342,72670,33312,40342,1699112327700,2023-11-04T15:38:47.683Z,0.02476,0.024765,3558.0,532607.0,114279,59766
0.024765,,,,,,,1699112327800,,0.02476,0.024765,,,,
0.024765,,,,,,,1699112327900,,0.02476,0.024765,,,,
0.024765,,,,,,,1699112328000,,0.02476,0.024765,,,,
0.024765,,,,,,,1699112328100,,0.02476,0.024765,,,,
0.024765,29664.0,1514154,1699112327342,72670,33312,40342,1699112328200,2023-11-04T15:38:48.180Z,0.02476,0.024765,3558.0,532607.0,114280,59766
0.024765,29664.0,1514154,1699112327342,72670,33312,40342,1699112328300,2023-11-04T15:38:48.281Z,0.02476,0.024765,3558.0,532607.0,114281,59766
0.024765,29664.0,1514154,1699112327342,72670,33312,40342,1699112328400,2023-11-04T15:38:48.378Z,0.02476,0.024765,3558.0,532607.0,114282,59766
0.024765,29664.0,1514154,1699112327342,72670,33312,40342,1699112328500,2023-11-04T15:38:48.481Z,0.02476,0.024765,3558.0,532607.0,114283,59766
0.024765,29664.0,1514154,1699112327342,72670,33312,40342,1699112328600,2023-11-04T15:38:48.585Z,0.02476,0.024765,3558.0,532607.0,114284,59766
0.024765,29664.0,1514154,1699112327342,72670,33312,40342,1699112328700,2023-11-04T15:38:48.683Z,0.02476,0.024765,3558.0,532607.0,114285,59766
0.024765,29664.0,1514154,1699112327342,72670,33312,40342,1699112328800,2023-11-04T15:38:48.781Z,0.02476,0.024765,3558.0,532607.0,114286,59766
0.024765,29664.0,1514154,1699112327342,72670,33312,40342,1699112328900,2023-11-04T15:38:48.882Z,0.02476,0.024765,3558.0,532607.0,114287,59766
0.024765,29664.0,1514154,1699112327342,72670,33312,40342,1699112329000,2023-11-04T15:38:48.981Z,0.02476,0.024765,3558.0,532607.0,114288,59766
0.024765,29664.0,1514154,1699112327342,72670,33312,40342,1699112329100,2023-11-04T15:38:49.082Z,0.02476,0.024765,3558.0,532607.0,114289,59766
0.024765,,,,,,,1699112329200,,0.02476,0.024765,,,,
0.024765,29664.0,1514154,1699112327342,72670,33312,40342,1699112329300,2023-11-04T15:38:49.287Z,0.024762,0.024763,20847.0,5263.0,114290,59766
0.024765,29664.0,1514154,1699112327342,72670,33312,40342,1699112329400,2023-11-04T15:38:49.381Z,0.024762,0.024765,20847.0,532607.0,114291,59766
0.024765,29664.0,1514154,1699112327342,72670,33312,40342,1699112329500,2023-11-04T15:38:49.484Z,0.02476,0.024764,3558.0,16886.0,114292,59766
0.024765,29664.0,1514154,1699112327342,72670,33312,40342,1699112329600,2023-11-04T15:38:49.584Z,0.02476,0.024764,3558.0,16886.0,114293,59766
0.024765,29664.0,1514154,1699112327342,72670,33312,40342,1699112329700,2023-11-04T15:38:49.682Z,0.02476,0.024763,3558.0,10545.0,114294,59766
0.024765,29664.0,1514154,1699112327342,72670,33312,40342,1699112329800,2023-11-04T15:38:49.784Z,0.02476,0.024764,3558.0,32880.0,114295,59766
0.024765,29664.0,1514154,1699112327342,72670,33312,40342,1699112329900,2023-11-04T15:38:49.886Z,0.02476,0.024764,3558.0,32880.0,114296,59766
0.024765,29664.0,1514154,1699112327342,72670,33312,40342,1699112330000,2023-11-04T15:38:49.980Z,0.02476,0.024764,3558.0,32880.0,114297,59766
0.024765,29664.0,1514154,1699112327342,72670,33312,40342,1699112330100,2023-11-04T15:38:50.080Z,0.02476,0.024764,3558.0,32880.0,114298,59766
0.024765,,,,,,,1699112330200,,0.02476,0.024764,,,,
0.024765,,,,,,,1699112330300,,0.02476,0.024764,,,,
0.024765,,,,,,,1699112330400,,0.02476,0.024764,,,,
0.024765,29664.0,1514154,1699112327342,72670,33312,40342,1699112330500,2023-11-04T15:38:50.482Z,0.02476,0.024764,3558.0,32880.0,114299,59766
0.024765,29664.0,1514154,1699112327342,72670,33312,40342,1699112330600,2023-11-04T15:38:50.584Z,0.02476,0.024764,3558.0,32880.0,114300,59766
0.024765,29664.0,1514154,1699112327342,72670,33312,40342,1699112330700,2023-11-04T15:38:50.683Z,0.02476,0.024764,3558.0,32880.0,114301,59766
0.024765,29664.0,1514154,1699112327342,72670,33312,40342,1699112330800,2023-11-04T15:38:50.781Z,0.02476,0.024764,3558.0,16886.0,114302,59766
0.024765,29664.0,1514154,1699112327342,72670,33312,40342,1699112330900,2023-11-04T15:38:50.886Z,0.02476,0.024764,3558.0,16886.0,114303,59766
0.024765,29664.0,1514154,1699112327342,72670,33312,40342,1699112331000,2023-11-04T15:38:50.983Z,0.02476,0.024764,3558.0,16886.0,114304,59766
0.024765,,,,,,,1699112331100,,0.02476,0.024764,,,,
0.024765,,,,,,,1699112331200,,0.02476,0.024764,,,,
0.024765,29664.0,1514154,1699112327342,72670,33312,40342,1699112331300,2023-11-04T15:38:51.283Z,0.02476,0.024764,3558.0,16886.0,114305,59766
0.024765,29664.0,1514154,1699112327342,72670,33312,40342,1699112331400,2023-11-04T15:38:51.383Z,0.02476,0.024764,3558.0,16886.0,114306,59766
0.024765,29664.0,1514154,1699112327342,72670,33312,40342,1699112331500,2023-11-04T15:38:51.485Z,0.02476,0.024764,3558.0,16886.0,114307,59766
0.024765,,,,,,,1699112331600,,0.02476,0.024764,,,,
0.024765,29664.0,1514154,1699112327342,72670,33312,40342,1699112331700,2023-11-04T15:38:51.688Z,0.02476,0.024764,3558.0,16886.0,114308,59766
0.024764,6526.0,1514155,1699112331910,72671,33312,23955,1699112331800,2023-11-04T15:38:51.779Z,0.02476,0.024764,3558.0,16886.0,114308,59766
0.024764,,,,,,,1699112331900,,0.02476,0.024764,,,,
0.024764,6526.0,1514155,1699112331910,72671,33312,23955,1699112332000,2023-11-04T15:38:51.984Z,0.02476,0.024764,3558.0,10360.0,114309,59766
0.024764,8813.0,1514156,1699112332137,72672,33312,44311,1699112332100,2023-11-04T15:38:52.090Z,0.02476,0.024764,3558.0,10360.0,114310,59766
0.024764,8813.0,1514156,1699112332137,72672,33312,44311,1699112332200,2023-11-04T15:38:52.180Z,0.02476,0.024764,3558.0,11622.0,114311,59766
0.024764,,,,,,,1699112332300,,0.02476,0.024764,,,,
0.024764,8813.0,1514156,1699112332137,72672,33312,44311,1699112332400,2023-11-04T15:38:52.382Z,0.02476,0.024764,3558.0,11622.0,114312,59766
0.024764,8813.0,1514156,1699112332137,72672,33312,44311,1699112332500,2023-11-04T15:38:52.482Z,0.024758,0.024759,16886.0,5263.0,114313,59766
0.024764,8813.0,1514156,1699112332137,72672,33312,44311,1699112332600,2023-11-04T15:38:52.584Z,0.024758,0.024763,16886.0,5263.0,114314,59766
0.024764,8813.0,1514156,1699112332137,72672,33312,44311,1699112332700,2023-11-04T15:38:52.685Z,0.02476,0.024764,16886.0,11622.0,114315,59766
0.024764,4038.0,1514157,1699112332911,72673,33312,59837,1699112332800,2023-11-04T15:38:52.784Z,0.02476,0.024764,16886.0,11622.0,114316,59766
0.024764,4038.0,1514157,1699112332911,72673,33312,59837,1699112332900,2023-11-04T15:38:52.893Z,0.02476,0.024761,16886.0,5263.0,114317,59766
0.024764,4038.0,1514157,1699112332911,72673,33312,59837,1699112333000,2023-11-04T15:38:52.981Z,0.02476,0.024765,16886.0,532607.0,114318,59766
0.024764,,,,,,,1699112333100,,0.02476,0.024765,,,,
0.024764,4038.0,1514157,1699112332911,72673,33312,59837,1699112333200,2023-11-04T15:38:53.191Z,0.02476,0.024765,16886.0,532607.0,114319,59766
0.024764,4038.0,1514157,1699112332911,72673,33312,59837,1699112333300,2023-11-04T15:38:53.281Z,0.02476,0.024765,16886.0,532607.0,114320,59766
0.024764,4038.0,1514157,1699112332911,72673,33312,59837,1699112333400,2023-11-04T15:38:53.383Z,0.02476,0.024765,16886.0,532607.0,114321,59766
0.024764,4038.0,1514157,1699112332911,72673,33312,59837,1699112333500,2023-11-04T15:38:53.480Z,0.02476,0.024765,16886.0,532607.0,114322,59766
0.024764,,,,,,,1699112333600,,0.02476,0.024765,,,,
0.024764,,,,,,,1699112333700,,0.02476,0.024765,,,,
0.024764,,,,,,,1699112333800,,0.02476,0.024765,,,,
0.024764,,,,,,,1699112333900,,0.02476,0.024765,,,,
0.024764,,,,,,,1699112334000,,0.02476,0.024765,,,,
0.024764,,,,,,,1699112334100,,0.02476,0.024765,,,,
0.024764,4038.0,1514157,1699112332911,72673,33312,59837,1699112334200,2023-11-04T15:38:54.182Z,0.02476,0.024765,16886.0,532607.0,114323,59766
0.024764,,,,,,,1699112334300,,0.02476,0.024765,,,,
0.024764,,,,,,,1699112334400,,0.02476,0.024765,,,,
0.024764,4038.0,1514157,1699112332911,72673,33312,59837,1699112334500,2023-11-04T15:38:54.481Z,0.02476,0.024765,16886.0,532607.0,114324,59766
0.024764,,,,,,,1699112334600,,0.02476,0.024765,,,,
0.024764,4038.0,1514157,1699112332911,72673,33312,59837,1699112334700,2023-11-04T15:38:54.682Z,0.02476,0.024765,16886.0,532607.0,114325,59766
0.024764,4038.0,1514157,1699112332911,72673,33312,59837,1699112334800,2023-11-04T15:38:54.786Z,0.024757,0.024764,10544.0,9268.0,114326,59766
0.024764,4038.0,1514157,1699112332911,72673,33312,59837,1699112334900,2023-11-04T15:38:54.883Z,0.024756,0.024764,16886.0,9268.0,114327,59766
0.024764,4038.0,1514157,1699112332911,72673,33312,59837,1699112335000,2023-11-04T15:38:54.984Z,0.024756,0.024764,16886.0,9268.0,114328,59766
0.024764,4038.0,1514157,1699112332911,72673,33312,59837,1699112335100,2023-11-04T15:38:55.084Z,0.024758,0.024763,16886.0,5263.0,114329,59766
0.024764,4038.0,1514157,1699112332911,72673,33312,59837,1699112335200,2023-11-04T15:38:55.191Z,0.024758,0.024763,16886.0,5263.0,114330,59766
0.024764,4038.0,1514157,1699112332911,72673,33312,59837,1699112335300,2023-11-04T15:38:55.283Z,0.024758,0.024764,24966.0,9268.0,114331,59766
0.024764,,,,,,,1699112335400,,0.024758,0.024764,,,,
0.024764,,,,,,,1699112335500,,0.024758,0.024764,,,,
0.024765,77455.0,1514159,1699112335713,72675,33312,30370,1699112335600,2023-11-04T15:38:55.584Z,0.024758,0.024764,16886.0,9268.0,114332,59766
0.024765,77455.0,1514159,1699112335713,72675,33312,30370,1699112335700,2023-11-04T15:38:55.687Z,0.024758,0.024764,16886.0,9268.0,114333,59766
0.024765,77455.0,1514159,1699112335713,72675,33312,30370,1699112335800,2023-11-04T15:38:55.785Z,0.024758,0.024765,16886.0,455152.0,114334,59766
0.024765,457.0,1514160,1699112335995,72676,33312,39443,1699112335900,2023-11-04T15:38:55.884Z,0.024758,0.024765,25797.0,455152.0,114335,59766
0.024765,457.0,1514160,1699112335995,72676,33312,39443,1699112336000,2023-11-04T15:38:55.985Z,0.024758,0.024765,25797.0,455152.0,114336,59766
0.024765,457.0,1514160,1699112335995,72676,33312,39443,1699112336100,2023-11-04T15:38:56.083Z,0.024758,0.024765,25797.0,454695.0,114337,59766
0.024765,,,,,,,1699112336200,,0.024758,0.024765,,,,
0.024765,,,,,,,1699112336300,,0.024758,0.024765,,,,
0.024765,,,,,,,1699112336400,,0.024758,0.024765,,,,
0.024765,457.0,1514160,1699112335995,72676,33312,39443,1699112336500,2023-11-04T15:38:56.401Z,0.024758,0.024765,16886.0,454695.0,114338,59766
0.024765,,,,,,,1699112336600,,0.024758,0.024765,,,,
0.024765,,,,,,,1699112336700,,0.024758,0.024765,,,,
0.024765,457.0,1514160,1699112335995,72676,33312,39443,1699112336800,2023-11-04T15:38:56.784Z,0.024758,0.024765,16886.0,454695.0,114339,59766
0.024765,457.0,1514160,1699112335995,72676,33312,39443,1699112336900,2023-11-04T15:38:56.885Z,0.024758,0.024765,16886.0,454695.0,114340,59766
0.024765,,,,,,,1699112337000,,0.024758,0.024765,,,,
0.024765,457.0,1514160,1699112335995,72676,33312,39443,1699112337100,2023-11-04T15:38:57.082Z,0.024758,0.024765,16886.0,454695.0,114341,59766
0.024765,457.0,1514160,1699112335995,72676,33312,39443,1699112337200,2023-11-04T15:38:57.189Z,0.024755,0.024763,16886.0,5263.0,114342,59766
0.024765,457.0,1514160,1699112335995,72676,33312,39443,1699112337300,2023-11-04T15:38:57.296Z,0.024757,0.024763,16886.0,5263.0,114343,59766
0.024764,3206.0,1514161,1699112337440,72677,33312,19813,1699112337400,2023-11-04T15:38:57.399Z,0.024757,0.024763,16886.0,5263.0,114344,59766
0.024764,3206.0,1514161,1699112337440,72677,33312,19813,1699112337500,2023-11-04T15:38:57.490Z,0.024757,0.024763,16886.0,5263.0,114345,59766
0.024764,3206.0,1514161,1699112337440,72677,33312,19813,1699112337600,2023-11-04T15:38:57.586Z,0.024757,0.024764,16886.0,15662.0,114346,59766
0.024764,3206.0,1514161,1699112337440,72677,33312,19813,1699112337700,2023-11-04T15:38:57.685Z,0.024757,0.024764,16886.0,15662.0,114347,59766
0.024764,,,,,,,1699112337800,,0.024757,0.024764,,,,
0.024764,,,,,,,1699112337900,,0.024757,0.024764,,,,
0.024764,,,,,,,1699112338000,,0.024757,0.024764,,,,
0.024764,,,,,,,1699112338100,,0.024757,0.024764,,,,
0.024764,,,,,,,1699112338200,,0.024757,0.024764,,,,
0.024764,,,,,,,1699112338300,,0.024757,0.024764,,,,
0.024764,3206.0,1514161,1699112337440,72677,33312,19813,1699112338400,2023-11-04T15:38:58.385Z,0.024757,0.024764,16886.0,15662.0,114348,59766
0.024764,3206.0,1514161,1699112337440,72677,33312,19813,1699112338500,2023-11-04T15:38:58.490Z,0.024757,0.024764,16886.0,15662.0,114349,59766
0.024764,3206.0,1514161,1699112337440,72677,33312,19813,1699112338600,2023-11-04T15:38:58.588Z,0.024757,0.024764,16886.0,15662.0,114350,59766
0.024764,,,,,,,1699112338700,,0.024757,0.024764,,,,
0.024764,,,,,,,1699112338800,,0.024757,0.024764,,,,
0.024764,,,,,,,1699112338900,,0.024757,0.024764,,,,
0.024764,3206.0,1514161,1699112337440,72677,33312,19813,1699112339000,2023-11-04T15:38:58.988Z,0.024757,0.024764,16886.0,15662.0,114351,59766
0.024764,3206.0,1514161,1699112337440,72677,33312,19813,1699112339100,2023-11-04T15:38:59.085Z,0.024757,0.024764,16886.0,15662.0,114352,59766
0.024764,3206.0,1514161,1699112337440,72677,33312,19813,1699112339200,2023-11-04T15:38:59.189Z,0.024756,0.024764,27499.0,31795.0,114353,59766
0.024764,3206.0,1514161,1699112337440,72677,33312,19813,1699112339300,2023-11-04T15:38:59.290Z,0.024757,0.024764,25488.0,31795.0,114354,59766
0.024764,3206.0,1514161,1699112337440,72677,33312,19813,1699112339400,2023-11-04T15:38:59.383Z,0.024758,0.024764,4200.0,31795.0,114355,59766
0.024764,3206.0,1514161,1699112337440,72677,33312,19813,1699112339500,2023-11-04T15:38:59.490Z,0.024758,0.024764,4200.0,31795.0,114356,59766
0.024764,3206.0,1514161,1699112337440,72677,33312,19813,1699112339600,2023-11-04T15:38:59.586Z,0.024758,0.024764,16886.0,31795.0,114357,59766
0.024764,3206.0,1514161,1699112337440,72677,33312,19813,1699112339700,2023-11-04T15:38:59.688Z,0.024758,0.024764,16886.0,31795.0,114358,59766
0.024764,3206.0,1514161,1699112337440,72677,33312,19813,1699112339800,2023-11-04T15:38:59.787Z,0.024759,0.024764,6527.0,31795.0,114359,59766
0.024764,3206.0,1514161,1699112337440,72677,33312,19813,1699112339900,2023-11-04T15:38:59.887Z,0.024759,0.024764,6527.0,31795.0,114360,59766
0.024764,,,,,,,1699112340000,,0.024759,0.024764,,,,
0.024764,3206.0,1514161,1699112337440,72677,33312,19813,1699112340100,2023-11-04T15:39:00.088Z,0.024759,0.024764,6527.0,31795.0,114361,59766
0.024764,3206.0,1514161,1699112337440,72677,33312,19813,1699112340200,2023-11-04T15:39:00.186Z,0.024759,0.024764,6527.0,31795.0,114362,59766
0.024764,3206.0,1514161,1699112337440,72677,33312,19813,1699112340300,2023-11-04T15:39:00.290Z,0.024759,0.024764,6527.0,31795.0,114363,59766
0.024764,3206.0,1514161,1699112337440,72677,33312,19813,1699112340400,2023-11-04T15:39:00.388Z,0.024759,0.024765,6527.0,454695.0,114364,59766
0.024764,3206.0,1514161,1699112337440,72677,33312,19813,1699112340500,2023-11-04T15:39:00.487Z,0.024759,0.024765,6527.0,454695.0,114365,59766
0.024764,,,,,,,1699112340600,,0.024759,0.024765,,,,
0.024764,,,,,,,1699112340700,,0.024759,0.024765,,,,
0.024764,,,,,,,1699112340800,,0.024759,0.024765,,,,
0.024764,,,,,,,1699112340900,,0.024759,0.024765,,,,
0.024764,,,,,,,1699112341000,,0.024759,0.024765,,,,
0.024764,,,,,,,1699112341100,,0.024759,0.024765,,,,
0.024764,,,,,,,1699112341200,,0.024759,0.024765,,,,
0.024764,,,,,,,1699112341300,,0.024759,0.024765,,,,
0.024764,3206.0,1514161,1699112337440,72677,33312,19813,1699112341400,2023-11-04T15:39:01.386Z,0.024759,0.024765,6527.0,454695.0,114366,59766
0.024764,3206.0,1514161,1699112337440,72677,33312,19813,1699112341500,2023-11-04T15:39:01.487Z,0.024759,0.024764,6527.0,9741.0,114367,59766
0.024764,3206.0,1514161,1699112337440,72677,33312,19813,1699112341600,2023-11-04T15:39:01.591Z,0.02476,0.024766,16886.0,442.0,114368,59766
0.024764,3206.0,1514161,1699112337440,72677,33312,19813,1699112341700,2023-11-04T15:39:01.689Z,0.02476,0.024766,16886.0,442.0,114369,59766
0.024764,3206.0,1514161,1699112337440,72677,33312,19813,1699112341800,2023-11-04T15:39:01.787Z,0.02476,0.024766,16886.0,442.0,114370,59766
0.024764,,,,,,,1699112341900,,0.02476,0.024766,,,,
0.024762,4986.0,1514162,1699112342129,72678,33312,28634,1699112342000,2023-11-04T15:39:01.999Z,0.024761,0.024766,16886.0,442.0,114372,59766
0.024762,4986.0,1514162,1699112342129,72678,33312,28634,1699112342100,2023-11-04T15:39:02.088Z,0.024761,0.024766,16886.0,442.0,114373,59766
0.024762,4986.0,1514162,1699112342129,72678,33312,28634,1699112342200,2023-11-04T15:39:02.194Z,0.024762,0.024766,1541.0,442.0,114374,59766
0.024763,251.0,1514163,1699112342387,72679,33312,25136,1699112342300,2023-11-04T15:39:02.287Z,0.024762,0.024766,1541.0,442.0,114375,59766
0.02476,10433.0,1514165,1699112342458,72681,33312,29823,1699112342400,2023-11-04T15:39:02.387Z,0.024762,0.024763,1541.0,11923.0,114376,59766
0.02476,10433.0,1514165,1699112342458,72681,33312,29823,1699112342500,2023-11-04T15:39:02.488Z,0.02476,0.024763,10539.0,11672.0,114377,59766
0.02476,10433.0,1514165,1699112342458,72681,33312,29823,1699112342600,2023-11-04T15:39:02.588Z,0.02476,0.024763,10539.0,11672.0,114378,59766
0.02476,10433.0,1514165,1699112342458,72681,33312,29823,1699112342700,2023-11-04T15:39:02.691Z,0.02476,0.024763,10539.0,11672.0,114379,59766
0.02476,10433.0,1514165,1699112342458,72681,33312,29823,1699112342800,2023-11-04T15:39:02.798Z,0.02476,0.024763,10539.0,11672.0,114380,59766
0.02476,10433.0,1514165,1699112342458,72681,33312,29823,1699112342900,2023-11-04T15:39:02.889Z,0.02476,0.024763,10539.0,11672.0,114381,59766
0.02476,,,,,,,1699112343000,,0.02476,0.024763,,,,
0.02476,,,,,,,1699112343100,,0.02476,0.024763,,,,
0.02476,,,,,,,1699112343200,,0.02476,0.024763,,,,
0.02476,10433.0,1514165,1699112342458,72681,33312,29823,1699112343300,2023-11-04T15:39:03.289Z,0.02476,0.024763,10539.0,11672.0,114382,59766
0.02476,10433.0,1514165,1699112342458,72681,33312,29823,1699112343400,2023-11-04T15:39:03.389Z,0.02476,0.024763,10539.0,11672.0,114383,59766
0.02476,10433.0,1514165,1699112342458,72681,33312,29823,1699112343500,2023-11-04T15:39:03.496Z,0.02476,0.024763,10539.0,11672.0,114384,59766
0.02476,10433.0,1514165,1699112342458,72681,33312,29823,1699112343600,2023-11-04T15:39:03.589Z,0.02476,0.024763,10539.0,11672.0,114385,59766
0.02476,10433.0,1514165,1699112342458,72681,33312,29823,1699112343700,2023-11-04T15:39:03.688Z,0.02476,0.024763,10539.0,11672.0,114386,59766
0.02476,10433.0,1514165,1699112342458,72681,33312,29823,1699112343800,2023-11-04T15:39:03.790Z,0.02476,0.024763,10539.0,11672.0,114387,59766
0.02476,10433.0,1514165,1699112342458,72681,33312,29823,1699112343900,2023-11-04T15:39:03.891Z,0.02476,0.024763,10539.0,11672.0,114388,59766
0.02476,10433.0,1514165,1699112342458,72681,33312,29823,1699112344000,2023-11-04T15:39:03.989Z,0.024757,0.024763,16886.0,11672.0,114389,59766
0.02476,10433.0,1514165,1699112342458,72681,33312,29823,1699112344100,2023-11-04T15:39:04.090Z,0.024757,0.024763,16886.0,11672.0,114390,59766
0.02476,10433.0,1514165,1699112342458,72681,33312,29823,1699112344200,2023-11-04T15:39:04.188Z,0.024757,0.024763,16886.0,11672.0,114391,59766
0.02476,10433.0,1514165,1699112342458,72681,33312,29823,1699112344300,2023-11-04T15:39:04.290Z,0.024759,0.024763,16886.0,11672.0,114392,59766
0.02476,10433.0,1514165,1699112342458,72681,33312,29823,1699112344400,2023-11-04T15:39:04.387Z,0.024758,0.024759,20972.0,5263.0,114393,59766
0.02476,10433.0,1514165,1699112342458,72681,33312,29823,1699112344500,2023-11-04T15:39:04.489Z,0.024758,0.024763,40874.0,11672.0,114394,59766
0.02476,10433.0,1514165,1699112342458,72681,33312,29823,1699112344600,2023-11-04T15:39:04.594Z,0.024758,0.024759,40874.0,505.0,114395,59766
0.02476,,,,,,,1699112344700,,0.024758,0.024759,,,,
0.02476,10433.0,1514165,1699112342458,72681,33312,29823,1699112344800,2023-11-04T15:39:04.792Z,0.024758,0.024759,40874.0,505.0,114396,59766
0.02476,,,,,,,1699112344900,,0.024758,0.024759,,,,
0.02476,10433.0,1514165,1699112342458,72681,33312,29823,1699112345000,2023-11-04T15:39:04.992Z,0.024758,0.024759,40874.0,505.0,114397,59766
0.02476,,,,,,,1699112345100,,0.024758,0.024759,,,,
0.02476,,,,,,,1699112345200,,0.024758,0.024759,,,,
0.02476,10433.0,1514165,1699112342458,72681,33312,29823,1699112345300,2023-11-04T15:39:05.289Z,0.024758,0.024759,40874.0,505.0,114398,59766
0.02476,10433.0,1514165,1699112342458,72681,33312,29823,1699112345400,2023-11-04T15:39:05.389Z,0.024758,0.024759,40874.0,505.0,114399,59766
0.02476,,,,,,,1699112345500,,0.024758,0.024759,,,,
0.02476,10433.0,1514165,1699112342458,72681,33312,29823,1699112345600,2023-11-04T15:39:05.588Z,0.024758,0.024759,40874.0,505.0,114401,59766
0.02476,,,,,,,1699112345700,,0.024758,0.024759,,,,
0.02476,10433.0,1514165,1699112342458,72681,33312,29823,1699112345800,2023-11-04T15:39:05.790Z,0.024758,0.024759,40874.0,505.0,114402,59766
0.02476,,,,,,,1699112345900,,0.024758,0.024759,,,,
0.02476,10433.0,1514165,1699112342458,72681,33312,29823,1699112346000,2023-11-04T15:39:05.990Z,0.024758,0.024759,40874.0,505.0,114403,59766
0.02476,10433.0,1514165,1699112342458,72681,33312,29823,1699112346100,2023-11-04T15:39:06.088Z,0.024758,0.024759,40874.0,505.0,114404,59766
0.024758,731.0,1514166,1699112346320,72682,33312,63179,1699112346200,2023-11-04T15:39:06.192Z,0.024758,0.024759,40874.0,505.0,114405,59766
0.024758,731.0,1514166,1699112346320,72682,33312,63179,1699112346300,2023-11-04T15:39:06.292Z,0.024758,0.024759,19902.0,505.0,114406,59766
0.024758,731.0,1514166,1699112346320,72682,33312,63179,1699112346400,2023-11-04T15:39:06.390Z,0.024758,0.024759,19171.0,505.0,114407,59766
0.024758,731.0,1514166,1699112346320,72682,33312,63179,1699112346500,2023-11-04T15:39:06.489Z,0.024756,0.024759,1289.0,505.0,114408,59766
0.024758,731.0,1514166,1699112346320,72682,33312,63179,1699112346600,2023-11-04T15:39:06.589Z,0.024756,0.024759,1289.0,505.0,114409,59766
0.024758,731.0,1514166,1699112346320,72682,33312,63179,1699112346700,2023-11-04T15:39:06.691Z,0.024756,0.024759,1289.0,505.0,114410,59766
0.024758,731.0,1514166,1699112346320,72682,33312,63179,1699112346800,2023-11-04T15:39:06.789Z,0.024757,0.024759,20972.0,505.0,114411,59766
0.024758,731.0,1514166,1699112346320,72682,33312,63179,1699112346900,2023-11-04T15:39:06.889Z,0.024757,0.024759,20972.0,505.0,114412,59766
0.024759,505.0,1514167,1699112347065,72683,33312,56056,1699112347000,2023-11-04T15:39:06.992Z,0.024757,0.024759,20972.0,505.0,114413,59766
0.024759,505.0,1514167,1699112347065,72683,33312,56056,1699112347100,2023-11-04T15:39:07.093Z,0.02476,0.024766,3052.0,442.0,114414,59766
0.024759,505.0,1514167,1699112347065,72683,33312,56056,1699112347200,2023-11-04T15:39:07.194Z,0.024761,0.024766,16886.0,442.0,114415,59766
0.024759,505.0,1514167,1699112347065,72683,33312,56056,1699112347300,2023-11-04T15:39:07.290Z,0.024761,0.024766,16886.0,442.0,114416,59766
0.024759,,,,,,,1699112347400,,0.024761,0.024766,,,,
0.024759,505.0,1514167,1699112347065,72683,33312,56056,1699112347500,2023-11-04T15:39:07.491Z,0.024761,0.024766,16886.0,442.0,114418,59766
0.024761,2380.0,1514168,1699112347635,72684,33312,46019,1699112347600,2023-11-04T15:39:07.593Z,0.024761,0.024766,16886.0,442.0,114419,59766
0.024761,2380.0,1514168,1699112347635,72684,33312,46019,1699112347700,2023-11-04T15:39:07.691Z,0.024761,0.024765,14506.0,9964.0,114420,59766
0.024761,2380.0,1514168,1699112347635,72684,33312,46019,1699112347800,2023-11-04T15:39:07.793Z,0.024761,0.024765,14506.0,9964.0,114421,59766
0.024761,2380.0,1514168,1699112347635,72684,33312,46019,1699112347900,2023-11-04T15:39:07.899Z,0.024761,0.024765,14506.0,9964.0,114422,59766
0.024761,2380.0,1514168,1699112347635,72684,33312,46019,1699112348000,2023-11-04T15:39:07.990Z,0.024761,0.024765,14506.0,9964.0,114423,59766
0.024761,,,,,,,1699112348100,,0.024761,0.024765,,,,
0.024761,2380.0,1514168,1699112347635,72684,33312,46019,1699112348200,2023-11-04T15:39:08.196Z,0.024762,0.024766,6527.0,442.0,114424,59766
0.024761,2380.0,1514168,1699112347635,72684,33312,46019,1699112348300,2023-11-04T15:39:08.293Z,0.024762,0.024766,6527.0,442.0,114425,59766
0.024761,2380.0,1514168,1699112347635,72684,33312,46019,1699112348400,2023-11-04T15:39:08.392Z,0.024762,0.024766,6527.0,442.0,114426,59766
0.024761,2380.0,1514168,1699112347635,72684,33312,46019,1699112348500,2023-11-04T15:39:08.495Z,0.024762,0.024766,6527.0,442.0,114427,59766
0.024761,2380.0,1514168,1699112347635,72684,33312,46019,1699112348600,2023-11-04T15:39:08.592Z,0.024762,0.024766,6527.0,442.0,114428,59766
0.024761,,,,,,,1699112348700,,0.024762,0.024766,,,,
0.024761,2380.0,1514168,1699112347635,72684,33312,46019,1699112348800,2023-11-04T15:39:08.792Z,0.024762,0.024766,6527.0,442.0,114429,59766
0.024761,2380.0,1514168,1699112347635,72684,33312,46019,1699112348900,2023-11-04T15:39:08.891Z,0.024762,0.024766,6527.0,442.0,114430,59766
0.024761,2380.0,1514168,1699112347635,72684,33312,46019,1699112349000,2023-11-04T15:39:08.992Z,0.024762,0.024766,6527.0,442.0,114431,59766
0.024767,185.0,1514171,1699112349221,72687,33312,17766,1699112349100,2023-11-04T15:39:09.092Z,0.024763,0.024766,16886.0,442.0,114432,59766
0.024767,185.0,1514171,1699112349221,72687,33312,17766,1699112349200,2023-11-04T15:39:09.194Z,0.024762,0.024766,27499.0,38.0,114433,59766
0.024767,185.0,1514171,1699112349221,72687,33312,17766,1699112349300,2023-11-04T15:39:09.293Z,0.024762,0.024765,27499.0,5263.0,114434,59766
0.024767,185.0,1514171,1699112349221,72687,33312,17766,1699112349400,2023-11-04T15:39:09.393Z,0.024762,0.024767,27499.0,11738.0,114435,59766
0.024767,185.0,1514171,1699112349221,72687,33312,17766,1699112349500,2023-11-04T15:39:09.491Z,0.024762,0.024767,27499.0,11738.0,114436,59766
0.024767,185.0,1514171,1699112349221,72687,33312,17766,1699112349600,2023-11-04T15:39:09.593Z,0.024762,0.024767,27499.0,11738.0,114437,59766
0.024767,185.0,1514171,1699112349221,72687,33312,17766,1699112349700,2023-11-04T15:39:09.692Z,0.024762,0.024767,27499.0,11738.0,114438,59766
0.024762,8852.0,1514172,1699112349850,72688,33312,163,1699112349800,2023-11-04T15:39:09.719Z,0.024762,0.024767,27499.0,11738.0,114438,59766
0.024762,8852.0,1514172,1699112349850,72688,33312,163,1699112349900,2023-11-04T15:39:09.893Z,0.024763,0.024764,4200.0,9964.0,114439,59766
0.024762,8852.0,1514172,1699112349850,72688,33312,163,1699112350000,2023-11-04T15:39:09.993Z,0.024763,0.024766,16886.0,9964.0,114440,59766
0.024762,8852.0,1514172,1699112349850,72688,33312,163,1699112350100,2023-11-04T15:39:10.093Z,0.024763,0.024766,16886.0,9964.0,114441,59766
0.024762,8852.0,1514172,1699112349850,72688,33312,163,1699112350200,2023-11-04T15:39:10.195Z,0.024763,0.024766,16886.0,9964.0,114442,59766
0.024762,,,,,,,1699112350300,,0.024763,0.024766,,,,
0.024762,8852.0,1514172,1699112349850,72688,33312,163,1699112350400,2023-11-04T15:39:10.390Z,0.024762,0.024765,18647.0,27392.0,114444,59766
0.024762,8852.0,1514172,1699112349850,72688,33312,163,1699112350500,2023-11-04T15:39:10.490Z,0.024762,0.024765,18647.0,27392.0,114445,59766
0.024762,8852.0,1514172,1699112349850,72688,33312,163,1699112350600,2023-11-04T15:39:10.592Z,0.024764,0.024765,4200.0,27392.0,114446,59766
0.024762,8852.0,1514172,1699112349850,72688,33312,163,1699112350700,2023-11-04T15:39:10.691Z,0.024762,0.024765,18647.0,27392.0,114447,59766
0.024762,8852.0,1514172,1699112349850,72688,33312,163,1699112350800,2023-11-04T15:39:10.794Z,0.024762,0.024765,18647.0,27392.0,114448,59766
0.024762,8852.0,1514172,1699112349850,72688,33312,163,1699112350900,2023-11-04T15:39:10.893Z,0.024762,0.024765,18647.0,27392.0,114449,59766
0.024762,8852.0,1514172,1699112349850,72688,33312,163,1699112351000,2023-11-04T15:39:10.993Z,0.024764,0.024765,4200.0,27392.0,114450,59766
0.024762,8852.0,1514172,1699112349850,72688,33312,163,1699112351100,2023-11-04T15:39:11.094Z,0.02476,0.024765,3052.0,27392.0,114451,59766
0.024762,8852.0,1514172,1699112349850,72688,33312,163,1699112351200,2023-11-04T15:39:11.191Z,0.02476,0.024765,3052.0,27392.0,114452,59766
0.024762,8852.0,1514172,1699112349850,72688,33312,163,1699112351300,2023-11-04T15:39:11.294Z,0.02476,0.024765,3052.0,27392.0,114453,59766
0.024762,8852.0,1514172,1699112349850,72688,33312,163,1699112351400,2023-11-04T15:39:11.394Z,0.02476,0.024765,3052.0,27392.0,114454,59766
0.024762,8852.0,1514172,1699112349850,72688,33312,163,1699112351500,2023-11-04T15:39:11.494Z,0.024761,0.024765,20972.0,27392.0,114455,59766
0.024762,8852.0,1514172,1699112349850,72688,33312,163,1699112351600,2023-11-04T15:39:11.598Z,0.024761,0.024765,20972.0,27392.0,114456,59766
0.024762,8852.0,1514172,1699112349850,72688,33312,163,1699112351700,2023-11-04T15:39:11.696Z,0.024761,0.024765,20972.0,27392.0,114457,59766
0.024762,8852.0,1514172,1699112349850,72688,33312,163,1699112351800,2023-11-04T15:39:11.795Z,0.024761,0.024765,20972.0,27392.0,114458,59766
0.024762,8852.0,1514172,1699112349850,72688,33312,163,1699112351900,2023-11-04T15:39:11.896Z,0.024761,0.024765,20972.0,27392.0,114459,59766
0.024762,8852.0,1514172,1699112349850,72688,33312,163,1699112352000,2023-11-04T15:39:11.996Z,0.024761,0.024765,20972.0,27392.0,114460,59766
0.024762,,,,,,,1699112352100,,0.024761,0.024765,,,,
0.024762,,,,,,,1699112352200,,0.024761,0.024765,,,,
0.024762,8852.0,1514172,1699112349850,72688,33312,163,1699112352300,2023-11-04T15:39:12.294Z,0.024762,0.024767,16886.0,11738.0,114461,59766
0.024762,8852.0,1514172,1699112349850,72688,33312,163,1699112352400,2023-11-04T15:39:12.393Z,0.024762,0.024766,16886.0,9964.0,114462,59766
0.024762,8852.0,1514172,1699112349850,72688,33312,163,1699112352500,2023-11-04T15:39:12.491Z,0.024761,0.024767,20972.0,11738.0,114463,59766
0.024762,8852.0,1514172,1699112349850,72688,33312,163,1699112352600,2023-11-04T15:39:12.594Z,0.024761,0.024762,20972.0,5263.0,114464,59766
0.024762,8852.0,1514172,1699112349850,72688,33312,163,1699112352700,2023-11-04T15:39:12.692Z,0.024761,0.024762,20972.0,5263.0,114465,59766
0.024762,8852.0,1514172,1699112349850,72688,33312,163,1699112352800,2023-11-04T15:39:12.795Z,0.024761,0.024767,20972.0,11738.0,114466,59766
0.024762,8852.0,1514172,1699112349850,72688,33312,163,1699112352900,2023-11-04T15:39:12.895Z,0.024761,0.024767,20972.0,11738.0,114467,59766
0.024762,8852.0,1514172,1699112349850,72688,33312,163,1699112353000,2023-11-04T15:39:12.994Z,0.024761,0.024767,20972.0,5263.0,114468,59766
0.024762,8852.0,1514172,1699112349850,72688,33312,163,1699112353100,2023-11-04T15:39:13.094Z,0.024761,0.024762,20972.0,5263.0,114469,59766
0.024762,8852.0,1514172,1699112349850,72688,33312,163,1699112353200,2023-11-04T15:39:13.195Z,0.024761,0.024767,20972.0,5263.0,114470,59766
0.024762,8852.0,1514172,1699112349850,72688,33312,163,1699112353300,2023-11-04T15:39:13.295Z,0.024761,0.024764,20972.0,651.0,114471,59766
0.024762,8852.0,1514172,1699112349850,72688,33312,163,1699112353400,2023-11-04T15:39:13.398Z,0.024763,0.024764,4200.0,651.0,114472,59766
0.024762,8852.0,1514172,1699112349850,72688,33312,163,1699112353500,2023-11-04T15:39:13.493Z,0.02476,0.024764,5470.0,651.0,114473,59766
0.024762,,,,,,,1699112353600,,0.02476,0.024764,,,,
0.024762,8852.0,1514172,1699112349850,72688,33312,163,1699112353700,2023-11-04T15:39:13.696Z,0.02476,0.024764,5470.0,651.0,114474,59766
0.024762,8852.0,1514172,1699112349850,72688,33312,163,1699112353800,2023-11-04T15:39:13.795Z,0.02476,0.024764,5470.0,651.0,114475,59766
0.024762,,,,,,,1699112353900,,0.02476,0.024764,,,,
0.024768,8438.0,1514174,1699112354034,72690,33312,39592,1699112354000,2023-11-04T15:39:13.996Z,0.024763,0.024764,46886.0,651.0,114477,59766
0.024768,8438.0,1514174,1699112354034,72690,33312,39592,1699112354100,2023-11-04T15:39:14.096Z,0.024768,0.024769,16886.0,210.0,114478,59766
0.024768,8438.0,1514174,1699112354034,72690,33312,39592,1699112354200,2023-11-04T15:39:14.199Z,0.024768,0.024769,16886.0,210.0,114479,59766
0.024768,966.0,1514175,1699112354390,72691,33312,14111,1699112354300,2023-11-04T15:39:14.296Z,0.024768,0.024769,16886.0,210.0,114480,59766
0.024768,966.0,1514175,1699112354390,72691,33312,14111,1699112354400,2023-11-04T15:39:14.395Z,0.024768,0.024769,15920.0,210.0,114481,59766
0.024768,966.0,1514175,1699112354390,72691,33312,14111,1699112354500,2023-11-04T15:39:14.494Z,0.024768,0.024769,15920.0,210.0,114482,59766
0.024768,966.0,1514175,1699112354390,72691,33312,14111,1699112354600,2023-11-04T15:39:14.595Z,0.024768,0.024769,15920.0,210.0,114483,59766
0.024768,966.0,1514175,1699112354390,72691,33312,14111,1699112354700,2023-11-04T15:39:14.695Z,0.024768,0.024769,15920.0,210.0,114484,59766
0.024768,,,,,,,1699112354800,,0.024768,0.024769,,,,
0.024768,966.0,1514175,1699112354390,72691,33312,14111,1699112354900,2023-11-04T15:39:14.895Z,0.024768,0.024769,15920.0,210.0,114485,59766
0.024768,966.0,1514175,1699112354390,72691,33312,14111,1699112355000,2023-11-04T15:39:14.996Z,0.024768,0.024769,15920.0,210.0,114486,59766
0.024768,,,,,,,1699112355100,,0.024768,0.024769,,,,
0.024768,966.0,1514175,1699112354390,72691,33312,14111,1699112355200,2023-11-04T15:39:15.199Z,0.024768,0.024769,15920.0,210.0,114488,59766
0.024768,966.0,1514175,1699112354390,72691,33312,14111,1699112355300,2023-11-04T15:39:15.293Z,0.024768,0.024769,15920.0,210.0,114489,59766
0.024768,966.0,1514175,1699112354390,72691,33312,14111,1699112355400,2023-11-04T15:39:15.396Z,0.024768,0.024769,15920.0,210.0,114490,59766
0.024768,966.0,1514175,1699112354390,72691,33312,14111,1699112355500,2023-11-04T15:39:15.495Z,0.024768,0.024769,15920.0,210.0,114491,59766
0.024768,966.0,1514175,1699112354390,72691,33312,14111,1699112355600,2023-11-04T15:39:15.597Z,0.024768,0.024769,15920.0,210.0,114492,59766
0.024768,966.0,1514175,1699112354390,72691,33312,14111,1699112355700,2023-11-04T15:39:15.696Z,0.024768,0.024769,15920.0,210.0,114493,59766
0.024788,20781.0,1514183,1699112355892,72699,33312,5195,1699112355800,2023-11-04T15:39:15.759Z,0.024768,0.024769,15920.0,210.0,114493,59766
0.024788,20781.0,1514183,1699112355892,72699,33312,5195,1699112355900,2023-11-04T15:39:15.895Z,0.024769,0.024787,16876.0,27593.0,114495,59766
0.024788,20781.0,1514183,1699112355892,72699,33312,5195,1699112356000,2023-11-04T15:39:15.995Z,0.024764,0.024781,23649.0,16663.0,114496,59766
0.024769,507.0,1514184,1699112356186,72700,33312,13836,1699112356100,2023-11-04T15:39:16.094Z,0.024768,0.024781,16876.0,13065.0,114497,59766
0.024769,507.0,1514184,1699112356186,72700,33312,13836,1699112356200,2023-11-04T15:39:16.198Z,0.024769,0.024781,4753.0,13065.0,114498,59766
0.024769,507.0,1514184,1699112356186,72700,33312,13836,1699112356300,2023-11-04T15:39:16.293Z,0.02477,0.024781,26231.0,13065.0,114499,59766
0.024769,507.0,1514184,1699112356186,72700,33312,13836,1699112356400,2023-11-04T15:39:16.395Z,0.02477,0.024781,26231.0,13065.0,114500,59766
0.024769,507.0,1514184,1699112356186,72700,33312,13836,1699112356500,2023-11-04T15:39:16.494Z,0.02477,0.024781,26231.0,13065.0,114501,59766
0.024769,507.0,1514184,1699112356186,72700,33312,13836,1699112356600,2023-11-04T15:39:16.595Z,0.02477,0.02478,20972.0,509.0,114502,59766
0.024769,507.0,1514184,1699112356186,72700,33312,13836,1699112356700,2023-11-04T15:39:16.693Z,0.02477,0.02478,20972.0,509.0,114503,59766
0.024769,507.0,1514184,1699112356186,72700,33312,13836,1699112356800,2023-11-04T15:39:16.795Z,0.024771,0.02478,16886.0,10930.0,114504,59766
0.024771,1159.0,1514185,1699112356933,72701,33312,38129,1699112356900,2023-11-04T15:39:16.893Z,0.024771,0.02478,16886.0,10930.0,114505,59766
0.024771,,,,,,,1699112357000,,0.024771,0.02478,,,,
0.024771,1159.0,1514185,1699112356933,72701,33312,38129,1699112357100,2023-11-04T15:39:17.094Z,0.024771,0.02478,15727.0,10930.0,114507,59766
0.024771,1159.0,1514185,1699112356933,72701,33312,38129,1699112357200,2023-11-04T15:39:17.197Z,0.024771,0.02478,15727.0,10930.0,114508,59766
0.024771,1159.0,1514185,1699112356933,72701,33312,38129,1699112357300,2023-11-04T15:39:17.295Z,0.024771,0.02478,15727.0,10930.0,114509,59766
0.024771,,,,,,,1699112357400,,0.024771,0.02478,,,,
0.024771,1159.0,1514185,1699112356933,72701,33312,38129,1699112357500,2023-11-04T15:39:17.498Z,0.024771,0.02478,15727.0,10930.0,114511,59766
0.024771,,,,,,,1699112357600,,0.024771,0.02478,,,,
0.024771,,,,,,,1699112357700,,0.024771,0.02478,,,,
0.024771,1159.0,1514185,1699112356933,72701,33312,38129,1699112357800,2023-11-04T15:39:17.799Z,0.024771,0.02478,15727.0,10930.0,114513,59766
0.024771,1159.0,1514185,1699112356933,72701,33312,38129,1699112357900,2023-11-04T15:39:17.898Z,0.024771,0.02478,15727.0,10930.0,114514,59766
0.024771,1159.0,1514185,1699112356933,72701,33312,38129,1699112358000,2023-11-04T15:39:17.995Z,0.024771,0.02478,15727.0,10930.0,114515,59766
0.024771,1159.0,1514185,1699112356933,72701,33312,38129,1699112358100,2023-11-04T15:39:18.097Z,0.024771,0.02478,15727.0,10930.0,114516,59766
0.024784,927.0,1514187,1699112358329,72703,33312,61563,1699112358200,2023-11-04T15:39:18.199Z,0.024776,0.024784,16886.0,12089.0,114517,59766
0.024784,927.0,1514187,1699112358329,72703,33312,61563,1699112358300,2023-11-04T15:39:18.299Z,0.024776,0.024784,16886.0,12089.0,114518,59766
0.024784,927.0,1514187,1699112358329,72703,33312,61563,1699112358400,2023-11-04T15:39:18.396Z,0.024784,0.024785,3820.0,12089.0,114519,59766
0.024784,927.0,1514187,1699112358329,72703,33312,61563,1699112358500,2023-11-04T15:39:18.495Z,0.024771,0.02478,3820.0,9436.0,114520,59766
0.024784,,,,,,,1699112358600,,0.024771,0.02478,,,,
0.024784,927.0,1514187,1699112358329,72703,33312,61563,1699112358700,2023-11-04T15:39:18.698Z,0.024772,0.024783,5147.0,27800.0,114522,59766
0.024784,927.0,1514187,1699112358329,72703,33312,61563,1699112358800,2023-11-04T15:39:18.797Z,0.024772,0.024783,5147.0,27800.0,114523,59766
0.024772,2037.0,1514188,1699112358979,72704,33312,49148,1699112358900,2023-11-04T15:39:18.895Z,0.024772,0.024782,5147.0,5258.0,114524,59766
0.024772,,,,,,,1699112359000,,0.024772,0.024782,,,,
0.024772,2037.0,1514188,1699112358979,72704,33312,49148,1699112359100,2023-11-04T15:39:19.096Z,0.024772,0.024781,3110.0,13020.0,114526,59766
0.024772,257.0,1514189,1699112359269,72705,33312,36727,1699112359200,2023-11-04T15:39:19.127Z,0.024772,0.024781,3110.0,13020.0,114526,59766
0.02478,993.0,1514190,1699112359334,72706,33312,64576,1699112359300,2023-11-04T15:39:19.204Z,0.024772,0.024781,3110.0,13020.0,114527,59766
0.02478,993.0,1514190,1699112359334,72706,33312,64576,1699112359400,2023-11-04T15:39:19.397Z,0.024774,0.024781,16886.0,13020.0,114529,59766
0.02478,993.0,1514190,1699112359334,72706,33312,64576,1699112359500,2023-11-04T15:39:19.499Z,0.024773,0.024781,3818.0,13020.0,114530,59766
0.02478,,,,,,,1699112359600,,0.024773,0.024781,,,,
0.02478,993.0,1514190,1699112359334,72706,33312,64576,1699112359700,2023-11-04T15:39:19.697Z,0.024773,0.024782,3818.0,21721.0,114532,59766
0.02478,,,,,,,1699112359800,,0.024773,0.024782,,,,
0.02478,,,,,,,1699112359900,,0.024773,0.024782,,,,
0.024761,2148.0,1514196,1699112360118,72712,33312,16535,1699112360000,2023-11-04T15:39:19.997Z,0.024773,0.024782,3818.0,21721.0,114533,59766
0.024761,,,,,,,1699112360100,,0.024773,0.024782,,,,
0.024761,,,,,,,1699112360200,,0.024773,0.024782,,,,
0.024761,2148.0,1514196,1699112360118,72712,33312,16535,1699112360300,2023-11-04T15:39:20.201Z,0.024765,0.024779,213.0,5258.0,114534,59766
0.024761,2148.0,1514196,1699112360118,72712,33312,16535,1699112360400,2023-11-04T15:39:20.397Z,0.024765,0.024779,213.0,5258.0,114536,59766
0.024761,2148.0,1514196,1699112360118,72712,33312,16535,1699112360500,2023-11-04T15:39:20.496Z,0.024765,0.024779,213.0,5258.0,114537,59766
0.024761,,,,,,,1699112360600,,0.024765,0.024779,,,,
0.024761,2148.0,1514196,1699112360118,72712,33312,16535,1699112360700,2023-11-04T15:39:20.695Z,0.024766,0.024777,16886.0,16354.0,114539,59766
0.024761,,,,,,,1699112360800,,0.024766,0.024777,,,,
0.024761,2148.0,1514196,1699112360118,72712,33312,16535,1699112360900,2023-11-04T15:39:20.894Z,0.02476,0.024773,2418.0,15041.0,114541,59766
0.024761,2148.0,1514196,1699112360118,72712,33312,16535,1699112361000,2023-11-04T15:39:20.995Z,0.024771,0.024773,403.0,15041.0,114542,59766
0.024761,2148.0,1514196,1699112360118,72712,33312,16535,1699112361100,2023-11-04T15:39:21.096Z,0.024771,0.024773,403.0,15041.0,114543,59766
0.024761,2148.0,1514196,1699112360118,72712,33312,16535,1699112361200,2023-11-04T15:39:21.197Z,0.024771,0.024773,403.0,15041.0,114544,59766
0.024761,,,,,,,1699112361300,,0.024771,0.024773,,,,
0.024761,2148.0,1514196,1699112360118,72712,33312,16535,1699112361400,2023-11-04T15:39:21.304Z,0.024771,0.024773,403.0,15041.0,114545,59766
0.024761,2148.0,1514196,1699112360118,72712,33312,16535,1699112361500,2023-11-04T15:39:21.497Z,0.024771,0.024773,403.0,15041.0,114546,59766
0.024761,,,,,,,1699112361600,,0.024771,0.024773,,,,
0.024761,2148.0,1514196,1699112360118,72712,33312,16535,1699112361700,2023-11-04T15:39:21.603Z,0.024771,0.024773,403.0,15041.0,114547,59766
0.024761,,,,,,,1699112361800,,0.024771,0.024773,,,,
0.024761,2148.0,1514196,1699112360118,72712,33312,16535,1699112361900,2023-11-04T15:39:21.895Z,0.024772,0.024773,3051.0,15041.0,114548,59766
0.024761,,,,,,,1699112362000,,0.024772,0.024773,,,,
0.024761,2148.0,1514196,1699112360118,72712,33312,16535,1699112362100,2023-11-04T15:39:22.098Z,0.024772,0.024773,3051.0,15041.0,114550,59766
0.024761,2148.0,1514196,1699112360118,72712,33312,16535,1699112362200,2023-11-04T15:39:22.198Z,0.024772,0.024773,3051.0,15041.0,114551,59766
0.024772,1601.0,1514197,1699112362387,72713,33312,64130,1699112362300,2023-11-04T15:39:22.298Z,0.024772,0.024773,3051.0,15041.0,114552,59766
0.024773,977.0,1514198,1699112362433,72714,33312,8123,1699112362400,2023-11-04T15:39:22.303Z,0.024772,0.024773,3051.0,15041.0,114552,59766
0.024773,977.0,1514198,1699112362433,72714,33312,8123,1699112362500,2023-11-04T15:39:22.402Z,0.024772,0.024773,1450.0,15041.0,114553,59766
0.024773,977.0,1514198,1699112362433,72714,33312,8123,1699112362600,2023-11-04T15:39:22.599Z,0.024772,0.024773,1450.0,14064.0,114555,59766
0.024773,,,,,,,1699112362700,,0.024772,0.024773,,,,
0.024773,977.0,1514198,1699112362433,72714,33312,8123,1699112362800,2023-11-04T15:39:22.701Z,0.024772,0.024773,1450.0,14064.0,114556,59766
0.024773,977.0,1514198,1699112362433,72714,33312,8123,1699112362900,2023-11-04T15:39:22.802Z,0.024772,0.024773,1450.0,14064.0,114557,59766
0.024773,977.0,1514198,1699112362433,72714,33312,8123,1699112363000,2023-11-04T15:39:22.999Z,0.024772,0.024776,1450.0,11096.0,114559,59766
0.024773,977.0,1514198,1699112362433,72714,33312,8123,1699112363100,2023-11-04T15:39:23.099Z,0.024772,0.024773,1450.0,9806.0,114560,59766
0.024783,380.0,1514199,1699112363234,72715,33312,3589,1699112363200,2023-11-04T15:39:23.199Z,0.024775,0.024783,16886.0,27392.0,114561,59766
0.024783,,,,,,,1699112363300,,0.024775,0.024783,,,,
0.024783,380.0,1514199,1699112363234,72715,33312,3589,1699112363400,2023-11-04T15:39:23.398Z,0.024775,0.02478,16886.0,13444.0,114563,59766
0.024783,,,,,,,1699112363500,,0.024775,0.02478,,,,
0.024783,380.0,1514199,1699112363234,72715,33312,3589,1699112363600,2023-11-04T15:39:23.501Z,0.024775,0.02478,16886.0,13444.0,114564,59766
0.024783,380.0,1514199,1699112363234,72715,33312,3589,1699112363700,2023-11-04T15:39:23.699Z,0.024775,0.02478,16886.0,13444.0,114566,59766
0.024783,380.0,1514199,1699112363234,72715,33312,3589,1699112363800,2023-11-04T15:39:23.798Z,0.024775,0.02478,16886.0,13444.0,114567,59766
0.024783,380.0,1514199,1699112363234,72715,33312,3589,1699112363900,2023-11-04T15:39:23.897Z,0.024775,0.024778,16886.0,11841.0,114568,59766
0.024783,380.0,1514199,1699112363234,72715,33312,3589,1699112364000,2023-11-04T15:39:23.998Z,0.024772,0.024778,1450.0,11841.0,114569,59766
0.024783,380.0,1514199,1699112363234,72715,33312,3589,1699112364100,2023-11-04T15:39:24.099Z,0.024772,0.024778,1450.0,11841.0,114570,59766
0.024783,,,,,,,1699112364200,,0.024772,0.024778,,,,
0.024783,380.0,1514199,1699112363234,72715,33312,3589,1699112364300,2023-11-04T15:39:24.202Z,0.024775,0.024783,16876.0,10957.0,114571,59766
0.024783,380.0,1514199,1699112363234,72715,33312,3589,1699112364400,2023-11-04T15:39:24.300Z,0.024775,0.024783,16876.0,10957.0,114572,59766
0.024783,380.0,1514199,1699112363234,72715,33312,3589,1699112364500,2023-11-04T15:39:24.498Z,0.024775,0.024783,16876.0,10957.0,114574,59766
0.024783,,,,,,,1699112364600,,0.024775,0.024783,,,,
0.024783,380.0,1514199,1699112363234,72715,33312,3589,1699112364700,2023-11-04T15:39:24.601Z,0.024774,0.024778,40018.0,13440.0,114575,59766
0.024783,380.0,1514199,1699112363234,72715,33312,3589,1699112364800,2023-11-04T15:39:24.799Z,0.024774,0.024781,40018.0,16649.0,114577,59766
0.024783,380.0,1514199,1699112363234,72715,33312,3589,1699112364900,2023-11-04T15:39:24.897Z,0.024774,0.024781,40018.0,16649.0,114578,59766
0.024783,,,,,,,1699112365000,,0.024774,0.024781,,,,
0.024783,,,,,,,1699112365100,,0.024774,0.024781,,,,
0.024783,380.0,1514199,1699112363234,72715,33312,3589,1699112365200,2023-11-04T15:39:25.198Z,0.024774,0.024782,40018.0,27071.0,114580,59766
0.024783,380.0,1514199,1699112363234,72715,33312,3589,1699112365300,2023-11-04T15:39:25.296Z,0.024774,0.024782,40018.0,27071.0,114581,59766
0.024783,,,,,,,1699112365400,,0.024774,0.024782,,,,
0.024783,380.0,1514199,1699112363234,72715,33312,3589,1699112365500,2023-11-04T15:39:25.499Z,0.024774,0.024782,40018.0,27071.0,114582,59766
0.024783,,,,,,,1699112365600,,0.024774,0.024782,,,,
0.024774,10000.0,1514201,1699112365848,72717,33312,57323,1699112365700,2023-11-04T15:39:25.697Z,0.024774,0.024781,40018.0,9688.0,114584,59766
0.02477,927.0,1514209,1699112365889,72725,33312,9614,1699112365800,2023-11-04T15:39:25.798Z,0.024774,0.024781,40018.0,9688.0,114585,59766
0.02477,927.0,1514209,1699112365889,72725,33312,9614,1699112365900,2023-11-04T15:39:25.897Z,0.02477,0.024773,29546.0,11096.0,114586,59766
0.02477,,,,,,,1699112366000,,0.02477,0.024773,,,,
0.02477,927.0,1514209,1699112365889,72725,33312,9614,1699112366100,2023-11-04T15:39:26.002Z,0.02477,0.024773,29546.0,11096.0,114587,59766
0.024782,21660.0,1514212,1699112366257,72728,33312,21805,1699112366200,2023-11-04T15:39:26.125Z,0.024771,0.024779,16886.0,10227.0,114588,59766
0.024782,21660.0,1514212,1699112366257,72728,33312,21805,1699112366300,2023-11-04T15:39:26.204Z,0.024771,0.024777,16886.0,13439.0,114589,59766
0.024782,21660.0,1514212,1699112366257,72728,33312,21805,1699112366400,2023-11-04T15:39:26.302Z,0.024772,0.024782,16876.0,5411.0,114590,59766
0.024782,21660.0,1514212,1699112366257,72728,33312,21805,1699112366500,2023-11-04T15:39:26.413Z,0.024772,0.024782,16876.0,5411.0,114591,59766
0.024782,21660.0,1514212,1699112366257,72728,33312,21805,1699112366600,2023-11-04T15:39:26.596Z,0.02477,0.024779,29546.0,5258.0,114593,59766
0.024782,,,,,,,1699112366700,,0.02477,0.024779,,,,
0.024782,21660.0,1514212,1699112366257,72728,33312,21805,1699112366800,2023-11-04T15:39:26.703Z,0.02477,0.02478,29546.0,5258.0,114594,59766
0.024782,21660.0,1514212,1699112366257,72728,33312,21805,1699112366900,2023-11-04T15:39:26.899Z,0.024771,0.024779,16886.0,6099.0,114596,59766
0.024779,2000.0,1514213,1699112367117,72729,33312,22018,1699112367000,2023-11-04T15:39:26.987Z,0.024771,0.024779,16886.0,6099.0,114596,59766
0.024771,5000.0,1514214,1699112367209,72730,33312,44922,1699112367100,2023-11-04T15:39:27.080Z,0.024771,0.024779,16886.0,6099.0,114597,59766
0.024771,5000.0,1514214,1699112367209,72730,33312,44922,1699112367200,2023-11-04T15:39:27.102Z,0.024771,0.024779,16886.0,6099.0,114598,59766
0.024771,5000.0,1514214,1699112367209,72730,33312,44922,1699112367300,2023-11-04T15:39:27.200Z,0.024771,0.024779,16886.0,4099.0,114599,59766
0.024771,5000.0,1514214,1699112367209,72730,33312,44922,1699112367400,2023-11-04T15:39:27.305Z,0.024771,0.024779,11886.0,4099.0,114600,59766
0.024771,5000.0,1514214,1699112367209,72730,33312,44922,1699112367500,2023-11-04T15:39:27.402Z,0.024771,0.024779,11886.0,4099.0,114601,59766
0.024771,5000.0,1514214,1699112367209,72730,33312,44922,1699112367600,2023-11-04T15:39:27.502Z,0.024771,0.024779,11886.0,4099.0,114602,59766
0.024771,747.0,1514215,1699112367818,72731,33312,47295,1699112367700,2023-11-04T15:39:27.689Z,0.024771,0.024779,11886.0,4099.0,114603,59766
0.024771,747.0,1514215,1699112367818,72731,33312,47295,1699112367800,2023-11-04T15:39:27.700Z,0.024771,0.024779,17134.0,4099.0,114604,59766
0.024771,747.0,1514215,1699112367818,72731,33312,47295,1699112367900,2023-11-04T15:39:27.898Z,0.024771,0.024779,16387.0,4099.0,114605,59766
0.024771,,,,,,,1699112368000,,0.024771,0.024779,,,,
0.024771,747.0,1514215,1699112367818,72731,33312,47295,1699112368100,2023-11-04T15:39:28.007Z,0.024771,0.024779,16387.0,4099.0,114606,59766
0.024771,747.0,1514215,1699112367818,72731,33312,47295,1699112368200,2023-11-04T15:39:28.102Z,0.024771,0.024779,16387.0,4099.0,114607,59766
0.024771,747.0,1514215,1699112367818,72731,33312,47295,1699112368300,2023-11-04T15:39:28.205Z,0.024771,0.024779,16387.0,4099.0,114608,59766
0.024771,747.0,1514215,1699112367818,72731,33312,47295,1699112368400,2023-11-04T15:39:28.300Z,0.024771,0.024779,16387.0,4099.0,114609,59766
0.024771,,,,,,,1699112368500,,0.024771,0.024779,,,,
0.024771,747.0,1514215,1699112367818,72731,33312,47295,1699112368600,2023-11-04T15:39:28.500Z,0.024771,0.024779,16387.0,4099.0,114610,59766
0.024771,747.0,1514215,1699112367818,72731,33312,47295,1699112368700,2023-11-04T15:39:28.602Z,0.024771,0.024779,16387.0,4099.0,114611,59766
0.024771,747.0,1514215,1699112367818,72731,33312,47295,1699112368800,2023-11-04T15:39:28.700Z,0.024771,0.024779,16387.0,4099.0,114612,59766
0.024771,,,,,,,1699112368900,,0.024771,0.024779,,,,
0.024771,747.0,1514215,1699112367818,72731,33312,47295,1699112369000,2023-11-04T15:39:28.901Z,0.024771,0.024779,16387.0,13672.0,114613,59766
0.024771,747.0,1514215,1699112367818,72731,33312,47295,1699112369100,2023-11-04T15:39:29.001Z,0.024771,0.024777,16387.0,10518.0,114614,59766
0.024771,747.0,1514215,1699112367818,72731,33312,47295,1699112369200,2023-11-04T15:39:29.100Z,0.024771,0.024776,16387.0,16843.0,114615,59766
0.024771,747.0,1514215,1699112367818,72731,33312,47295,1699112369300,2023-11-04T15:39:29.201Z,0.024771,0.024776,16387.0,16843.0,114616,59766
0.024771,747.0,1514215,1699112367818,72731,33312,47295,1699112369400,2023-11-04T15:39:29.302Z,0.024771,0.024777,16387.0,16843.0,114617,59766
0.024771,747.0,1514215,1699112367818,72731,33312,47295,1699112369500,2023-11-04T15:39:29.401Z,0.024771,0.024777,16387.0,16843.0,114618,59766
0.024771,747.0,1514215,1699112367818,72731,33312,47295,1699112369600,2023-11-04T15:39:29.599Z,0.024771,0.024778,16387.0,16843.0,114620,59766
0.024771,,,,,,,1699112369700,,0.024771,0.024778,,,,
0.024771,747.0,1514215,1699112367818,72731,33312,47295,1699112369800,2023-11-04T15:39:29.703Z,0.024771,0.024778,16387.0,16843.0,114621,59766
0.024771,747.0,1514215,1699112367818,72731,33312,47295,1699112369900,2023-11-04T15:39:29.804Z,0.024771,0.024778,16387.0,16843.0,114622,59766
0.024771,747.0,1514215,1699112367818,72731,33312,47295,1699112370000,2023-11-04T15:39:29.904Z,0.024771,0.024778,16387.0,16843.0,114623,59766
0.024771,747.0,1514215,1699112367818,72731,33312,47295,1699112370100,2023-11-04T15:39:30.001Z,0.024771,0.024778,16387.0,16843.0,114624,59766
0.024771,747.0,1514215,1699112367818,72731,33312,47295,1699112370200,2023-11-04T15:39:30.103Z,0.024771,0.02478,16387.0,29553.0,114625,59766
0.024771,747.0,1514215,1699112367818,72731,33312,47295,1699112370300,2023-11-04T15:39:30.210Z,0.024771,0.024772,16387.0,5258.0,114626,59766
0.024771,747.0,1514215,1699112367818,72731,33312,47295,1699112370400,2023-11-04T15:39:30.308Z,0.024771,0.024776,16387.0,5258.0,114627,59766
0.024771,747.0,1514215,1699112367818,72731,33312,47295,1699112370500,2023-11-04T15:39:30.405Z,0.024771,0.024776,16387.0,5258.0,114628,59766
0.024777,1182.0,1514217,1699112370630,72733,33312,36972,1699112370600,2023-11-04T15:39:30.503Z,0.024771,0.024776,16387.0,5258.0,114629,59766
0.024777,1371.0,1514218,1699112370750,72734,33312,32117,1699112370700,2023-11-04T15:39:30.620Z,0.024771,0.024776,11139.0,5258.0,114630,59766
0.024777,1371.0,1514218,1699112370750,72734,33312,32117,1699112370800,2023-11-04T15:39:30.703Z,0.024771,0.024777,11139.0,8579.0,114631,59766
0.024777,1371.0,1514218,1699112370750,72734,33312,32117,1699112370900,2023-11-04T15:39:30.814Z,0.024771,0.024777,11139.0,7208.0,114632,59766
0.024777,1371.0,1514218,1699112370750,72734,33312,32117,1699112371000,2023-11-04T15:39:30.901Z,0.024771,0.024778,11139.0,20919.0,114633,59766
0.024771,321.0,1514219,1699112371157,72735,33312,56171,1699112371100,2023-11-04T15:39:31.029Z,0.024771,0.024778,11139.0,20919.0,114634,59766
0.024771,321.0,1514219,1699112371157,72735,33312,56171,1699112371200,2023-11-04T15:39:31.101Z,0.024771,0.024778,11139.0,15661.0,114635,59766
0.024771,321.0,1514219,1699112371157,72735,33312,56171,1699112371300,2023-11-04T15:39:31.207Z,0.024771,0.024778,10818.0,28319.0,114636,59766
0.024771,321.0,1514219,1699112371157,72735,33312,56171,1699112371400,2023-11-04T15:39:31.303Z,0.024771,0.024778,10818.0,13692.0,114637,59766
0.024771,321.0,1514219,1699112371157,72735,33312,56171,1699112371500,2023-11-04T15:39:31.404Z,0.024771,0.024777,10818.0,5258.0,114638,59766
0.024771,321.0,1514219,1699112371157,72735,33312,56171,1699112371600,2023-11-04T15:39:31.502Z,0.024771,0.024777,10818.0,5258.0,114639,59766
0.024771,321.0,1514219,1699112371157,72735,33312,56171,1699112371700,2023-11-04T15:39:31.602Z,0.024772,0.024777,20972.0,5258.0,114640,59766
0.024771,321.0,1514219,1699112371157,72735,33312,56171,1699112371800,2023-11-04T15:39:31.703Z,0.024773,0.024783,16876.0,1011.0,114641,59766
0.024771,321.0,1514219,1699112371157,72735,33312,56171,1699112371900,2023-11-04T15:39:31.803Z,0.024773,0.024783,16876.0,1011.0,114642,59766
0.024771,321.0,1514219,1699112371157,72735,33312,56171,1699112372000,2023-11-04T15:39:31.903Z,0.024771,0.024781,9508.0,5258.0,114643,59766
0.024771,321.0,1514219,1699112371157,72735,33312,56171,1699112372100,2023-11-04T15:39:32.003Z,0.024771,0.024781,9508.0,5258.0,114644,59766
0.024771,321.0,1514219,1699112371157,72735,33312,56171,1699112372200,2023-11-04T15:39:32.102Z,0.024772,0.024783,16876.0,1011.0,114645,59766
0.024771,321.0,1514219,1699112371157,72735,33312,56171,1699112372300,2023-11-04T15:39:32.203Z,0.024772,0.024783,16876.0,1011.0,114646,59766
0.024771,321.0,1514219,1699112371157,72735,33312,56171,1699112372400,2023-11-04T15:39:32.302Z,0.024773,0.024783,20972.0,1011.0,114647,59766
0.024771,321.0,1514219,1699112371157,72735,33312,56171,1699112372500,2023-11-04T15:39:32.403Z,0.024773,0.024783,20972.0,1011.0,114648,59766
0.024771,321.0,1514219,1699112371157,72735,33312,56171,1699112372600,2023-11-04T15:39:32.505Z,0.024773,0.024783,20972.0,1011.0,114649,59766
0.024771,321.0,1514219,1699112371157,72735,33312,56171,1699112372700,2023-11-04T15:39:32.609Z,0.024773,0.024783,20972.0,1011.0,114650,59766
0.024771,321.0,1514219,1699112371157,72735,33312,56171,1699112372800,2023-11-04T15:39:32.705Z,0.024773,0.024779,20972.0,9572.0,114651,59766
0.024771,321.0,1514219,1699112371157,72735,33312,56171,1699112372900,2023-11-04T15:39:32.802Z,0.024773,0.024779,20972.0,9572.0,114652,59766
0.024771,321.0,1514219,1699112371157,72735,33312,56171,1699112373000,2023-11-04T15:39:32.907Z,0.024773,0.024779,20972.0,9572.0,114653,59766
0.024773,457.0,1514220,1699112373157,72736,33312,35544,1699112373100,2023-11-04T15:39:33.027Z,0.024773,0.024779,20972.0,9572.0,114653,59766
0.024773,,,,,,,1699112373200,,0.024773,0.024779,,,,
0.024773,457.0,1514220,1699112373157,72736,33312,35544,1699112373300,2023-11-04T15:39:33.206Z,0.024774,0.024779,16886.0,9572.0,114654,59766
0.024774,1637.0,1514221,1699112373498,72737,33312,26781,1699112373400,2023-11-04T15:39:33.368Z,0.024774,0.024779,16886.0,9572.0,114655,59766
0.024774,1637.0,1514221,1699112373498,72737,33312,26781,1699112373500,2023-11-04T15:39:33.404Z,0.024774,0.024779,16886.0,9572.0,114656,59766
0.024774,1637.0,1514221,1699112373498,72737,33312,26781,1699112373600,2023-11-04T15:39:33.503Z,0.024774,0.024778,15249.0,16886.0,114657,59766
0.024774,1637.0,1514221,1699112373498,72737,33312,26781,1699112373700,2023-11-04T15:39:33.604Z,0.024774,0.024778,15249.0,16886.0,114658,59766
0.024774,1637.0,1514221,1699112373498,72737,33312,26781,1699112373800,2023-11-04T15:39:33.710Z,0.024774,0.024778,15249.0,16886.0,114659,59766
0.024774,1637.0,1514221,1699112373498,72737,33312,26781,1699112373900,2023-11-04T15:39:33.807Z,0.024774,0.024778,15249.0,16886.0,114660,59766
0.024774,1637.0,1514221,1699112373498,72737,33312,26781,1699112374000,2023-11-04T15:39:33.905Z,0.024774,0.024778,15249.0,16886.0,114661,59766
0.024774,,,,,,,1699112374100,,0.024774,0.024778,,,,
0.024774,1637.0,1514221,1699112373498,72737,33312,26781,1699112374200,2023-11-04T15:39:34.104Z,0.024774,0.024778,15249.0,16886.0,114662,59766
0.024774,1637.0,1514221,1699112373498,72737,33312,26781,1699112374300,2023-11-04T15:39:34.206Z,0.024774,0.024778,15249.0,16886.0,114663,59766
0.024774,1637.0,1514221,1699112373498,72737,33312,26781,1699112374400,2023-11-04T15:39:34.304Z,0.024774,0.024778,15249.0,16886.0,114664,59766
0.024774,1637.0,1514221,1699112373498,72737,33312,26781,1699112374500,2023-11-04T15:39:34.408Z,0.024771,0.024778,50548.0,16886.0,114665,59766
0.024774,1637.0,1514221,1699112373498,72737,33312,26781,1699112374600,2023-11-04T15:39:34.504Z,0.024771,0.024778,50548.0,16886.0,114666,59766
0.024774,1637.0,1514221,1699112373498,72737,33312,26781,1699112374700,2023-11-04T15:39:34.605Z,0.024771,0.024778,50548.0,16886.0,114667,59766
0.024774,1637.0,1514221,1699112373498,72737,33312,26781,1699112374800,2023-11-04T15:39:34.706Z,0.024772,0.024773,20972.0,5258.0,114668,59766
0.024774,1637.0,1514221,1699112373498,72737,33312,26781,1699112374900,2023-11-04T15:39:34.804Z,0.024772,0.024773,20972.0,5258.0,114669,59766
0.024774,1637.0,1514221,1699112373498,72737,33312,26781,1699112375000,2023-11-04T15:39:34.904Z,0.024772,0.024779,20972.0,9572.0,114670,59766
0.024772,870.0,1514222,1699112375237,72738,33312,55320,1699112375100,2023-11-04T15:39:35.079Z,0.024772,0.024773,20972.0,5258.0,114671,59766
0.024772,870.0,1514222,1699112375237,72738,33312,55320,1699112375200,2023-11-04T15:39:35.104Z,0.024772,0.024778,20972.0,5258.0,114672,59766
0.024772,870.0,1514222,1699112375237,72738,33312,55320,1699112375300,2023-11-04T15:39:35.236Z,0.024772,0.024778,20972.0,3818.0,114673,59766
0.024772,870.0,1514222,1699112375237,72738,33312,55320,1699112375400,2023-11-04T15:39:35.305Z,0.024772,0.024773,20102.0,5258.0,114674,59766
0.024772,870.0,1514222,1699112375237,72738,33312,55320,1699112375500,2023-11-04T15:39:35.406Z,0.024772,0.024779,20102.0,9572.0,114675,59766
0.024772,870.0,1514222,1699112375237,72738,33312,55320,1699112375600,2023-11-04T15:39:35.503Z,0.024772,0.024773,20102.0,5258.0,114676,59766
0.024772,870.0,1514222,1699112375237,72738,33312,55320,1699112375700,2023-11-04T15:39:35.608Z,0.024772,0.024773,20102.0,5258.0,114677,59766
0.024772,870.0,1514222,1699112375237,72738,33312,55320,1699112375800,2023-11-04T15:39:35.705Z,0.024772,0.024779,20102.0,9572.0,114678,59766
0.024772,870.0,1514222,1699112375237,72738,33312,55320,1699112375900,2023-11-04T15:39:35.803Z,0.024771,0.024779,41040.0,9572.0,114679,59766
0.024772,870.0,1514222,1699112375237,72738,33312,55320,1699112376000,2023-11-04T15:39:35.905Z,0.024771,0.024778,41040.0,19046.0,114680,59766
0.024772,870.0,1514222,1699112375237,72738,33312,55320,1699112376100,2023-11-04T15:39:36.003Z,0.024771,0.024772,41040.0,5258.0,114681,59766
0.024772,870.0,1514222,1699112375237,72738,33312,55320,1699112376200,2023-11-04T15:39:36.105Z,0.024772,0.024776,16153.0,21721.0,114682,59766
0.024772,870.0,1514222,1699112375237,72738,33312,55320,1699112376300,2023-11-04T15:39:36.203Z,0.024772,0.024776,16153.0,21721.0,114683,59766
0.024776,201.0,1514223,1699112376448,72739,33312,632,1699112376400,2023-11-04T15:39:36.320Z,0.024772,0.024776,16153.0,21721.0,114684,59766
0.024776,201.0,1514223,1699112376448,72739,33312,632,1699112376500,2023-11-04T15:39:36.404Z,0.024772,0.024776,16153.0,21721.0,114685,59766
0.024776,201.0,1514223,1699112376448,72739,33312,632,1699112376600,2023-11-04T15:39:36.505Z,0.024772,0.024776,16153.0,21520.0,114686,59766
0.024776,201.0,1514223,1699112376448,72739,33312,632,1699112376700,2023-11-04T15:39:36.604Z,0.024772,0.024776,16153.0,21520.0,114687,59766
0.024776,,,,,,,1699112376800,,0.024772,0.024776,,,,
0.024776,201.0,1514223,1699112376448,72739,33312,632,1699112376900,2023-11-04T15:39:36.812Z,0.024772,0.024776,16153.0,21520.0,114688,59766
0.024776,201.0,1514223,1699112376448,72739,33312,632,1699112377000,2023-11-04T15:39:36.909Z,0.024772,0.024776,16153.0,21520.0,114689,59766
0.024776,201.0,1514223,1699112376448,72739,33312,632,1699112377100,2023-11-04T15:39:37.005Z,0.024772,0.024776,16153.0,21520.0,114690,59766
0.024776,,,,,,,1699112377200,,0.024772,0.024776,,,,
0.02477,243.0,1514231,1699112377413,72747,33312,30934,1699112377300,2023-11-04T15:39:37.283Z,0.024772,0.024776,16153.0,21520.0,114690,59766
0.024764,808.0,1514236,1699112377450,72752,33312,53041,1699112377400,2023-11-04T15:39:37.323Z,0.024772,0.024776,16153.0,21520.0,114691,59766
0.024764,808.0,1514236,1699112377450,72752,33312,53041,1699112377500,2023-11-04T15:39:37.405Z,0.024771,0.024772,36099.0,16886.0,114692,59766
0.024764,808.0,1514236,1699112377450,72752,33312,53041,1699112377600,2023-11-04T15:39:37.506Z,0.024764,0.02477,31240.0,17136.0,114693,59766
0.024764,31240.0,1514237,1699112377772,72753,33312,1912,1699112377700,2023-11-04T15:39:37.645Z,0.024764,0.02477,31240.0,8200.0,114694,59766
0.024764,31240.0,1514237,1699112377772,72753,33312,1912,1699112377800,2023-11-04T15:39:37.707Z,0.024764,0.024769,31240.0,5258.0,114695,59766
0.024764,31240.0,1514237,1699112377772,72753,33312,1912,1699112377900,2023-11-04T15:39:37.804Z,0.024762,0.024763,98870.0,3818.0,114696,59766
0.024764,31240.0,1514237,1699112377772,72753,33312,1912,1699112378000,2023-11-04T15:39:37.904Z,0.024762,0.024763,98870.0,3818.0,114697,59766
0.024764,31240.0,1514237,1699112377772,72753,33312,1912,1699112378100,2023-11-04T15:39:38.004Z,0.024762,0.024763,98870.0,3818.0,114698,59766
0.024764,31240.0,1514237,1699112377772,72753,33312,1912,1699112378200,2023-11-04T15:39:38.106Z,0.024762,0.024763,98870.0,3818.0,114699,59766
0.024764,31240.0,1514237,1699112377772,72753,33312,1912,1699112378300,2023-11-04T15:39:38.202Z,0.024762,0.024763,98870.0,3818.0,114700,59766
0.024764,31240.0,1514237,1699112377772,72753,33312,1912,1699112378400,2023-11-04T15:39:38.306Z,0.024762,0.024763,98870.0,3818.0,114701,59766
0.024764,31240.0,1514237,1699112377772,72753,33312,1912,1699112378500,2023-11-04T15:39:38.407Z,0.024762,0.024763,98870.0,3818.0,114702,59766
0.024764,31240.0,1514237,1699112377772,72753,33312,1912,1699112378600,2023-11-04T15:39:38.508Z,0.024762,0.024763,98870.0,3818.0,114703,59766
0.024764,31240.0,1514237,1699112377772,72753,33312,1912,1699112378700,2023-11-04T15:39:38.610Z,0.024762,0.024763,98870.0,3818.0,114704,59766
0.024764,31240.0,1514237,1699112377772,72753,33312,1912,1699112378800,2023-11-04T15:39:38.707Z,0.024762,0.024763,98870.0,3818.0,114705,59766
0.024764,31240.0,1514237,1699112377772,72753,33312,1912,1699112378900,2023-11-04T15:39:38.808Z,0.024762,0.024763,98870.0,3818.0,114706,59766
0.024764,31240.0,1514237,1699112377772,72753,33312,1912,1699112379000,2023-11-04T15:39:38.908Z,0.024762,0.024763,98870.0,3818.0,114707,59766
0.024764,31240.0,1514237,1699112377772,72753,33312,1912,1699112379100,2023-11-04T15:39:39.007Z,0.024762,0.024765,98870.0,5258.0,114708,59766
0.024764,31240.0,1514237,1699112377772,72753,33312,1912,1699112379200,2023-11-04T15:39:39.107Z,0.024762,0.024765,98870.0,5258.0,114709,59766
0.024764,31240.0,1514237,1699112377772,72753,33312,1912,1699112379300,2023-11-04T15:39:39.209Z,0.024762,0.024765,98870.0,5258.0,114710,59766
0.024764,31240.0,1514237,1699112377772,72753,33312,1912,1699112379400,2023-11-04T15:39:39.307Z,0.024762,0.024765,98870.0,5258.0,114711,59766
0.024764,,,,,,,1699112379500,,0.024762,0.024765,,,,
0.024764,31240.0,1514237,1699112377772,72753,33312,1912,1699112379600,2023-11-04T15:39:39.506Z,0.024762,0.024765,98870.0,5258.0,114712,59766
0.024764,31240.0,1514237,1699112377772,72753,33312,1912,1699112379700,2023-11-04T15:39:39.607Z,0.024762,0.024764,98870.0,16886.0,114713,59766
0.024764,31240.0,1514237,1699112377772,72753,33312,1912,1699112379800,2023-11-04T15:39:39.709Z,0.024762,0.024764,98870.0,16886.0,114714,59766
0.024764,31240.0,1514237,1699112377772,72753,33312,1912,1699112379900,2023-11-04T15:39:39.807Z,0.024763,0.024766,20972.0,11367.0,114715,59766
0.024764,31240.0,1514237,1699112377772,72753,33312,1912,1699112380000,2023-11-04T15:39:39.909Z,0.024763,0.024766,20972.0,11367.0,114716,59766
0.024764,31240.0,1514237,1699112377772,72753,33312,1912,1699112380100,2023-11-04T15:39:40.006Z,0.024763,0.024766,20972.0,11367.0,114717,59766
0.024764,31240.0,1514237,1699112377772,72753,33312,1912,1699112380200,2023-11-04T15:39:40.111Z,0.024763,0.024766,20972.0,11367.0,114718,59766
0.024764,31240.0,1514237,1699112377772,72753,33312,1912,1699112380300,2023-11-04T15:39:40.209Z,0.024763,0.024766,20972.0,11367.0,114719,59766
0.024764,31240.0,1514237,1699112377772,72753,33312,1912,1699112380400,2023-11-04T15:39:40.307Z,0.024763,0.024766,20972.0,11367.0,114720,59766
0.024764,31240.0,1514237,1699112377772,72753,33312,1912,1699112380500,2023-11-04T15:39:40.409Z,0.024763,0.024766,20972.0,11367.0,114721,59766
0.024764,,,,,,,1699112380600,,0.024763,0.024766,,,,
0.024764,,,,,,,1699112380700,,0.024763,0.024766,,,,
0.024764,31240.0,1514237,1699112377772,72753,33312,1912,1699112380800,2023-11-04T15:39:40.709Z,0.024763,0.024766,20972.0,11367.0,114722,59766
0.024764,,,,,,,1699112380900,,0.024763,0.024766,,,,
0.024764,,,,,,,1699112381000,,0.024763,0.024766,,,,
0.024764,,,,,,,1699112381100,,0.024763,0.024766,,,,
0.024764,31240.0,1514237,1699112377772,72753,33312,1912,1699112381200,2023-11-04T15:39:41.111Z,0.024763,0.024766,20972.0,11367.0,114723,59766
0.024763,317.0,1514238,1699112381401,72754,33312,49756,1699112381300,2023-11-04T15:39:41.273Z,0.024763,0.024766,20972.0,11367.0,114724,59766
0.024763,,,,,,,1699112381400,,0.024763,0.024766,,,,
0.024763,317.0,1514238,1699112381401,72754,33312,49756,1699112381500,2023-11-04T15:39:41.408Z,0.024763,0.024765,20655.0,16886.0,114725,59766
0.024763,317.0,1514238,1699112381401,72754,33312,49756,1699112381600,2023-11-04T15:39:41.508Z,0.024763,0.024765,20655.0,16886.0,114726,59766
0.024763,317.0,1514238,1699112381401,72754,33312,49756,1699112381700,2023-11-04T15:39:41.607Z,0.024763,0.024765,20655.0,16886.0,114727,59766
0.024763,317.0,1514238,1699112381401,72754,33312,49756,1699112381800,2023-11-04T15:39:41.709Z,0.024763,0.024765,20655.0,16886.0,114728,59766
0.024763,317.0,1514238,1699112381401,72754,33312,49756,1699112381900,2023-11-04T15:39:41.807Z,0.024762,0.024765,98870.0,16886.0,114729,59766
0.024763,317.0,1514238,1699112381401,72754,33312,49756,1699112382000,2023-11-04T15:39:41.907Z,0.024762,0.024765,98870.0,16886.0,114730,59766
0.024763,317.0,1514238,1699112381401,72754,33312,49756,1699112382100,2023-11-04T15:39:42.008Z,0.024762,0.024766,98870.0,16886.0,114731,59766
0.024763,317.0,1514238,1699112381401,72754,33312,49756,1699112382200,2023-11-04T15:39:42.108Z,0.024762,0.024766,98870.0,16886.0,114732,59766
0.024763,317.0,1514238,1699112381401,72754,33312,49756,1699112382300,2023-11-04T15:39:42.209Z,0.024762,0.024765,98870.0,10454.0,114733,59766
0.024763,317.0,1514238,1699112381401,72754,33312,49756,1699112382400,2023-11-04T15:39:42.308Z,0.024762,0.024764,98870.0,16886.0,114734,59766
0.024763,317.0,1514238,1699112381401,72754,33312,49756,1699112382500,2023-11-04T15:39:42.407Z,0.024762,0.024764,98870.0,16886.0,114735,59766
0.024763,317.0,1514238,1699112381401,72754,33312,49756,1699112382600,2023-11-04T15:39:42.507Z,0.024762,0.024765,98870.0,16886.0,114736,59766
0.024763,317.0,1514238,1699112381401,72754,33312,49756,1699112382700,2023-11-04T15:39:42.608Z,0.024762,0.024765,98870.0,16886.0,114737,59766
0.024763,317.0,1514238,1699112381401,72754,33312,49756,1699112382800,2023-11-04T15:39:42.708Z,0.024762,0.024765,98870.0,16886.0,114738,59766
0.024763,317.0,1514238,1699112381401,72754,33312,49756,1699112382900,2023-11-04T15:39:42.808Z,0.024762,0.024765,98870.0,16886.0,114739,59766
0.024763,317.0,1514238,1699112381401,72754,33312,49756,1699112383000,2023-11-04T15:39:42.912Z,0.024762,0.024767,98870.0,10546.0,114740,59766
0.024763,317.0,1514238,1699112381401,72754,33312,49756,1699112383100,2023-11-04T15:39:43.008Z,0.024762,0.02477,98870.0,5258.0,114741,59766
0.024763,317.0,1514238,1699112381401,72754,33312,49756,1699112383200,2023-11-04T15:39:43.106Z,0.024762,0.024771,98870.0,15122.0,114742,59766
0.024763,317.0,1514238,1699112381401,72754,33312,49756,1699112383300,2023-11-04T15:39:43.207Z,0.024762,0.024771,98870.0,5258.0,114743,59766
0.024763,317.0,1514238,1699112381401,72754,33312,49756,1699112383400,2023-11-04T15:39:43.309Z,0.024762,0.024771,98870.0,5258.0,114744,59766
0.024762,1274.0,1514239,1699112383532,72755,33312,43978,1699112383500,2023-11-04T15:39:43.413Z,0.024762,0.024771,98870.0,5258.0,114745,59766
0.024762,1274.0,1514239,1699112383532,72755,33312,43978,1699112383600,2023-11-04T15:39:43.511Z,0.024762,0.024766,98870.0,10542.0,114746,59766
0.024762,1274.0,1514239,1699112383532,72755,33312,43978,1699112383700,2023-11-04T15:39:43.607Z,0.024762,0.024767,97596.0,10544.0,114747,59766
0.024762,1274.0,1514239,1699112383532,72755,33312,43978,1699112383800,2023-11-04T15:39:43.711Z,0.024764,0.024768,1289.0,5258.0,114748,59766
0.024762,1274.0,1514239,1699112383532,72755,33312,43978,1699112383900,2023-11-04T15:39:43.814Z,0.024764,0.024768,1289.0,5258.0,114749,59766
0.024762,1274.0,1514239,1699112383532,72755,33312,43978,1699112384000,2023-11-04T15:39:43.913Z,0.024764,0.024768,1289.0,5258.0,114750,59766
0.024769,9736.0,1514241,1699112384179,72757,33312,48991,1699112384100,2023-11-04T15:39:44.050Z,0.024764,0.024768,1289.0,5258.0,114751,59766
0.024769,9736.0,1514241,1699112384179,72757,33312,48991,1699112384200,2023-11-04T15:39:44.110Z,0.024764,0.024768,1289.0,5258.0,114752,59766
0.024769,9736.0,1514241,1699112384179,72757,33312,48991,1699112384300,2023-11-04T15:39:44.214Z,0.024764,0.024765,1289.0,3818.0,114753,59766
0.024769,9736.0,1514241,1699112384179,72757,33312,48991,1699112384400,2023-11-04T15:39:44.308Z,0.024764,0.024765,1289.0,3818.0,114754,59766
0.024769,9736.0,1514241,1699112384179,72757,33312,48991,1699112384500,2023-11-04T15:39:44.410Z,0.024764,0.024769,1289.0,11662.0,114755,59766
0.024769,9736.0,1514241,1699112384179,72757,33312,48991,1699112384600,2023-11-04T15:39:44.509Z,0.024764,0.024769,1289.0,11662.0,114756,59766
0.024769,9736.0,1514241,1699112384179,72757,33312,48991,1699112384700,2023-11-04T15:39:44.611Z,0.024764,0.024768,1289.0,5261.0,114757,59766
0.024769,9736.0,1514241,1699112384179,72757,33312,48991,1699112384800,2023-11-04T15:39:44.711Z,0.024764,0.024768,1289.0,5261.0,114758,59766
0.024765,1646.0,1514242,1699112385028,72758,33312,42468,1699112384900,2023-11-04T15:39:44.897Z,0.024764,0.024765,1289.0,16886.0,114759,59766
0.024765,1646.0,1514242,1699112385028,72758,33312,42468,1699112385000,2023-11-04T15:39:44.913Z,0.024764,0.024765,1289.0,16886.0,114760,59766
0.024765,1646.0,1514242,1699112385028,72758,33312,42468,1699112385100,2023-11-04T15:39:45.010Z,0.024764,0.024765,1289.0,16886.0,114761,59766
0.024765,1646.0,1514242,1699112385028,72758,33312,42468,1699112385200,2023-11-04T15:39:45.114Z,0.024764,0.024771,1289.0,22736.0,114762,59766
0.024765,1646.0,1514242,1699112385028,72758,33312,42468,1699112385300,2023-11-04T15:39:45.215Z,0.024764,0.024765,1289.0,5261.0,114763,59766
0.024765,1646.0,1514242,1699112385028,72758,33312,42468,1699112385400,2023-11-04T15:39:45.313Z,0.024764,0.02477,1289.0,16796.0,114764,59766
0.024765,1646.0,1514242,1699112385028,72758,33312,42468,1699112385500,2023-11-04T15:39:45.412Z,0.024764,0.024769,1289.0,5261.0,114765,59766
0.024765,,,,,,,1699112385600,,0.024764,0.024769,,,,
0.024765,1646.0,1514242,1699112385028,72758,33312,42468,1699112385700,2023-11-04T15:39:45.610Z,0.024764,0.024769,1289.0,5261.0,114766,59766
0.024765,1646.0,1514242,1699112385028,72758,33312,42468,1699112385800,2023-11-04T15:39:45.710Z,0.024764,0.024769,1289.0,5261.0,114767,59766
0.024765,,,,,,,1699112385900,,0.024764,0.024769,,,,
0.024762,2355.0,1514244,1699112386110,72760,33312,61830,1699112386000,2023-11-04T15:39:45.979Z,0.024764,0.024769,1289.0,5261.0,114768,59766
0.024762,,,,,,,1699112386100,,0.024764,0.024769,,,,
0.024762,2355.0,1514244,1699112386110,72760,33312,61830,1699112386200,2023-11-04T15:39:46.111Z,0.024762,0.024769,95241.0,5261.0,114769,59766
0.024762,2355.0,1514244,1699112386110,72760,33312,61830,1699112386300,2023-11-04T15:39:46.210Z,0.024762,0.024765,95241.0,9557.0,114770,59766
0.024762,2355.0,1514244,1699112386110,72760,33312,61830,1699112386400,2023-11-04T15:39:46.311Z,0.024763,0.024768,13309.0,11841.0,114771,59766
0.024762,2355.0,1514244,1699112386110,72760,33312,61830,1699112386500,2023-11-04T15:39:46.411Z,0.024763,0.024768,13309.0,11841.0,114772,59766
0.024762,2355.0,1514244,1699112386110,72760,33312,61830,1699112386600,2023-11-04T15:39:46.510Z,0.024763,0.024767,13309.0,3812.0,114773,59766
0.024762,2355.0,1514244,1699112386110,72760,33312,61830,1699112386700,2023-11-04T15:39:46.610Z,0.024763,0.024767,13309.0,5261.0,114774,59766
0.024762,,,,,,,1699112386800,,0.024763,0.024767,,,,
0.024762,2355.0,1514244,1699112386110,72760,33312,61830,1699112386900,2023-11-04T15:39:46.809Z,0.024763,0.024767,13309.0,5261.0,114775,59766
0.024762,2355.0,1514244,1699112386110,72760,33312,61830,1699112387000,2023-11-04T15:39:46.912Z,0.024763,0.024766,13309.0,13703.0,114776,59766
0.024762,2355.0,1514244,1699112386110,72760,33312,61830,1699112387100,2023-11-04T15:39:47.013Z,0.024763,0.024768,13309.0,11841.0,114777,59766
0.024762,2355.0,1514244,1699112386110,72760,33312,61830,1699112387200,2023-11-04T15:39:47.115Z,0.024763,0.024767,13309.0,5261.0,114778,59766
0.024762,,,,,,,1699112387300,,0.024763,0.024767,,,,
0.024762,,,,,,,1699112387400,,0.024763,0.024767,,,,
0.024762,2355.0,1514244,1699112386110,72760,33312,61830,1699112387500,2023-11-04T15:39:47.411Z,0.024763,0.024767,13309.0,5261.0,114779,59766
0.024762,,,,,,,1699112387600,,0.024763,0.024767,,,,
0.024762,,,,,,,1699112387700,,0.024763,0.024767,,,,
0.024762,2355.0,1514244,1699112386110,72760,33312,61830,1699112387800,2023-11-04T15:39:47.711Z,0.024763,0.024767,13309.0,5261.0,114780,59766
0.024762,,,,,,,1699112387900,,0.024763,0.024767,,,,
0.024763,13309.0,1514246,1699112388082,72762,33312,11899,1699112388000,2023-11-04T15:39:47.954Z,0.024763,0.024767,13309.0,5261.0,114780,59766
0.024763,13309.0,1514246,1699112388082,72762,33312,11899,1699112388100,2023-11-04T15:39:48.022Z,0.024763,0.024767,13309.0,5261.0,114781,59766
0.024763,13309.0,1514246,1699112388082,72762,33312,11899,1699112388200,2023-11-04T15:39:48.116Z,0.024762,0.024763,95241.0,923.0,114782,59766
0.024763,13309.0,1514246,1699112388082,72762,33312,11899,1699112388300,2023-11-04T15:39:48.211Z,0.024762,0.024763,95241.0,923.0,114783,59766
0.024763,13309.0,1514246,1699112388082,72762,33312,11899,1699112388400,2023-11-04T15:39:48.315Z,0.024762,0.024763,95241.0,923.0,114784,59766
0.024763,13309.0,1514246,1699112388082,72762,33312,11899,1699112388500,2023-11-04T15:39:48.412Z,0.024762,0.024763,95241.0,923.0,114785,59766
0.024763,13309.0,1514246,1699112388082,72762,33312,11899,1699112388600,2023-11-04T15:39:48.510Z,0.024762,0.024763,95241.0,923.0,114786,59766
0.024763,,,,,,,1699112388700,,0.024762,0.024763,,,,
0.024763,13309.0,1514246,1699112388082,72762,33312,11899,1699112388800,2023-11-04T15:39:48.711Z,0.024762,0.024763,95241.0,923.0,114787,59766
0.024763,13309.0,1514246,1699112388082,72762,33312,11899,1699112388900,2023-11-04T15:39:48.812Z,0.024762,0.024763,95241.0,923.0,114788,59766
0.024763,13309.0,1514246,1699112388082,72762,33312,11899,1699112389000,2023-11-04T15:39:48.913Z,0.024762,0.024763,95241.0,923.0,114789,59766
0.024763,13309.0,1514246,1699112388082,72762,33312,11899,1699112389100,2023-11-04T15:39:49.014Z,0.024762,0.024763,95241.0,923.0,114790,59766
0.024763,13309.0,1514246,1699112388082,72762,33312,11899,1699112389200,2023-11-04T15:39:49.114Z,0.024762,0.024763,95241.0,923.0,114791,59766
0.024763,13309.0,1514246,1699112388082,72762,33312,11899,1699112389300,2023-11-04T15:39:49.215Z,0.024762,0.024763,95241.0,923.0,114792,59766
0.024763,13309.0,1514246,1699112388082,72762,33312,11899,1699112389400,2023-11-04T15:39:49.311Z,0.024762,0.024763,95241.0,923.0,114793,59766
0.024763,13309.0,1514246,1699112388082,72762,33312,11899,1699112389500,2023-11-04T15:39:49.412Z,0.024762,0.024763,95241.0,923.0,114794,59766
0.024763,,,,,,,1699112389600,,0.024762,0.024763,,,,
0.024774,436.0,1514248,1699112389774,72764,33312,2854,1699112389700,2023-11-04T15:39:49.644Z,0.024762,0.024763,95241.0,923.0,114795,59766
0.024774,436.0,1514248,1699112389774,72764,33312,2854,1699112389800,2023-11-04T15:39:49.714Z,0.024762,0.024763,95241.0,923.0,114796,59766
0.024774,436.0,1514248,1699112389774,72764,33312,2854,1699112389900,2023-11-04T15:39:49.816Z,0.024762,0.024766,95241.0,16886.0,114797,59766
0.024774,436.0,1514248,1699112389774,72764,33312,2854,1699112390000,2023-11-04T15:39:49.910Z,0.024762,0.024766,95241.0,16886.0,114798,59766
0.024774,436.0,1514248,1699112389774,72764,33312,2854,1699112390100,2023-11-04T15:39:50.015Z,0.024762,0.024772,95241.0,5262.0,114799,59766
0.024774,436.0,1514248,1699112389774,72764,33312,2854,1699112390200,2023-11-04T15:39:50.112Z,0.024762,0.02477,95241.0,17098.0,114800,59766
0.024774,436.0,1514248,1699112389774,72764,33312,2854,1699112390300,2023-11-04T15:39:50.213Z,0.024762,0.02477,95241.0,17098.0,114801,59766
0.024774,436.0,1514248,1699112389774,72764,33312,2854,1699112390400,2023-11-04T15:39:50.311Z,0.024762,0.02477,95241.0,17098.0,114802,59766
0.024774,436.0,1514248,1699112389774,72764,33312,2854,1699112390500,2023-11-04T15:39:50.409Z,0.024762,0.02477,95241.0,17098.0,114803,59766
0.024774,,,,,,,1699112390600,,0.024762,0.02477,,,,
0.024774,,,,,,,1699112390700,,0.024762,0.02477,,,,
0.024774,,,,,,,1699112390800,,0.024762,0.02477,,,,
0.024774,,,,,,,1699112390900,,0.024762,0.02477,,,,
0.024774,436.0,1514248,1699112389774,72764,33312,2854,1699112391000,2023-11-04T15:39:50.920Z,0.024762,0.02477,95241.0,17098.0,114804,59766
0.024774,436.0,1514248,1699112389774,72764,33312,2854,1699112391100,2023-11-04T15:39:51.013Z,0.024763,0.02477,506.0,11836.0,114805,59766
0.024774,436.0,1514248,1699112389774,72764,33312,2854,1699112391200,2023-11-04T15:39:51.115Z,0.024762,0.02477,95241.0,11836.0,114806,59766
0.024774,436.0,1514248,1699112389774,72764,33312,2854,1699112391300,2023-11-04T15:39:51.216Z,0.024763,0.024768,506.0,12932.0,114807,59766
0.024774,436.0,1514248,1699112389774,72764,33312,2854,1699112391400,2023-11-04T15:39:51.314Z,0.024763,0.024768,506.0,12932.0,114808,59766
0.024774,436.0,1514248,1699112389774,72764,33312,2854,1699112391500,2023-11-04T15:39:51.414Z,0.024763,0.024768,506.0,12932.0,114809,59766
0.024774,436.0,1514248,1699112389774,72764,33312,2854,1699112391600,2023-11-04T15:39:51.516Z,0.024762,0.024767,95241.0,16886.0,114810,59766
0.024774,436.0,1514248,1699112389774,72764,33312,2854,1699112391700,2023-11-04T15:39:51.615Z,0.024762,0.024767,95241.0,16886.0,114811,59766
0.024774,436.0,1514248,1699112389774,72764,33312,2854,1699112391800,2023-11-04T15:39:51.714Z,0.024762,0.024767,95241.0,16886.0,114812,59766
0.024774,436.0,1514248,1699112389774,72764,33312,2854,1699112391900,2023-11-04T15:39:51.813Z,0.024762,0.024767,95241.0,16886.0,114813,59766
0.024774,436.0,1514248,1699112389774,72764,33312,2854,1699112392000,2023-11-04T15:39:51.913Z,0.024762,0.024769,95241.0,16886.0,114814,59766
0.024774,,,,,,,1699112392100,,0.024762,0.024769,,,,
0.024774,436.0,1514248,1699112389774,72764,33312,2854,1699112392200,2023-11-04T15:39:52.113Z,0.024762,0.024769,95241.0,16886.0,114815,59766
0.024774,436.0,1514248,1699112389774,72764,33312,2854,1699112392300,2023-11-04T15:39:52.220Z,0.024762,0.024769,95241.0,16886.0,114816,59766
0.024774,436.0,1514248,1699112389774,72764,33312,2854,1699112392400,2023-11-04T15:39:52.314Z,0.024762,0.024768,95241.0,16886.0,114817,59766
0.024774,436.0,1514248,1699112389774,72764,33312,2854,1699112392500,2023-11-04T15:39:52.416Z,0.024762,0.024766,95241.0,16886.0,114818,59766
0.024774,436.0,1514248,1699112389774,72764,33312,2854,1699112392600,2023-11-04T15:39:52.518Z,0.024762,0.024766,95241.0,16886.0,114819,59766
0.024774,436.0,1514248,1699112389774,72764,33312,2854,1699112392700,2023-11-04T15:39:52.617Z,0.024762,0.024766,95241.0,16886.0,114820,59766
0.024774,436.0,1514248,1699112389774,72764,33312,2854,1699112392800,2023-11-04T15:39:52.714Z,0.024762,0.024766,95241.0,16886.0,114821,59766
0.024774,436.0,1514248,1699112389774,72764,33312,2854,1699112392900,2023-11-04T15:39:52.813Z,0.024762,0.024766,95241.0,16886.0,114822,59766
0.024774,436.0,1514248,1699112389774,72764,33312,2854,1699112393000,2023-11-04T15:39:52.915Z,0.024762,0.024766,95241.0,16886.0,114823,59766
0.024774,436.0,1514248,1699112389774,72764,33312,2854,1699112393100,2023-11-04T15:39:53.019Z,0.024762,0.024766,95241.0,16886.0,114824,59766
0.024774,436.0,1514248,1699112389774,72764,33312,2854,1699112393200,2023-11-04T15:39:53.118Z,0.024762,0.024766,95241.0,16886.0,114825,59766
0.024774,436.0,1514248,1699112389774,72764,33312,2854,1699112393300,2023-11-04T15:39:53.216Z,0.024762,0.024766,95241.0,16886.0,114826,59766
0.024766,1967.0,1514249,1699112393469,72765,33312,39401,1699112393400,2023-11-04T15:39:53.340Z,0.024762,0.024766,95241.0,16886.0,114827,59766
0.024766,,,,,,,1699112393500,,0.024762,0.024766,,,,
0.024766,1967.0,1514249,1699112393469,72765,33312,39401,1699112393600,2023-11-04T15:39:53.518Z,0.024762,0.024767,95241.0,19046.0,114828,59766
0.024766,1967.0,1514249,1699112393469,72765,33312,39401,1699112393700,2023-11-04T15:39:53.621Z,0.024762,0.024767,95241.0,19046.0,114829,59766
0.024766,,,,,,,1699112393800,,0.024762,0.024767,,,,
0.024766,,,,,,,1699112393900,,0.024762,0.024767,,,,
0.024766,,,,,,,1699112394000,,0.024762,0.024767,,,,
0.024766,,,,,,,1699112394100,,0.024762,0.024767,,,,
0.024766,1967.0,1514249,1699112393469,72765,33312,39401,1699112394200,2023-11-04T15:39:54.117Z,0.024762,0.024767,95241.0,19046.0,114830,59766
0.024766,,,,,,,1699112394300,,0.024762,0.024767,,,,
0.024766,,,,,,,1699112394400,,0.024762,0.024767,,,,
0.024766,1967.0,1514249,1699112393469,72765,33312,39401,1699112394500,2023-11-04T15:39:54.416Z,0.024762,0.024768,95241.0,16886.0,114831,59766
0.024766,1967.0,1514249,1699112393469,72765,33312,39401,1699112394600,2023-11-04T15:39:54.516Z,0.024765,0.024766,506.0,16886.0,114832,59766
0.024766,1967.0,1514249,1699112393469,72765,33312,39401,1699112394700,2023-11-04T15:39:54.618Z,0.024765,0.024766,506.0,16886.0,114833,59766
0.024766,1967.0,1514249,1699112393469,72765,33312,39401,1699112394800,2023-11-04T15:39:54.718Z,0.024762,0.024765,95241.0,19046.0,114834,59766
0.024766,1967.0,1514249,1699112393469,72765,33312,39401,1699112394900,2023-11-04T15:39:54.814Z,0.024762,0.024765,95241.0,19046.0,114835,59766
0.024766,1967.0,1514249,1699112393469,72765,33312,39401,1699112395000,2023-11-04T15:39:54.921Z,0.024764,0.024765,7166.0,19046.0,114836,59766
0.024766,,,,,,,1699112395100,,0.024764,0.024765,,,,
0.024766,,,,,,,1699112395200,,0.024764,0.024765,,,,
0.024765,2901.0,1514250,1699112395346,72766,33312,65233,1699112395300,2023-11-04T15:39:55.217Z,0.024764,0.024765,7166.0,19046.0,114837,59766
0.024765,2901.0,1514250,1699112395346,72766,33312,65233,1699112395400,2023-11-04T15:39:55.315Z,0.024764,0.024765,7166.0,19046.0,114838,59766
0.024764,1011.0,1514251,1699112395534,72767,33312,24824,1699112395500,2023-11-04T15:39:55.419Z,0.024764,0.024765,7166.0,16145.0,114839,59766
0.024764,1011.0,1514251,1699112395534,72767,33312,24824,1699112395600,2023-11-04T15:39:55.516Z,0.024764,0.024765,7166.0,16145.0,114840,59766
0.024764,1011.0,1514251,1699112395534,72767,33312,24824,1699112395700,2023-11-04T15:39:55.615Z,0.024764,0.024765,6155.0,16145.0,114841,59766
0.024764,1011.0,1514251,1699112395534,72767,33312,24824,1699112395800,2023-11-04T15:39:55.719Z,0.024764,0.024765,6155.0,16145.0,114842,59766
0.024765,4602.0,1514252,1699112395968,72768,33312,31141,1699112395900,2023-11-04T15:39:55.839Z,0.024764,0.024765,6155.0,16145.0,114843,59766
0.024765,4602.0,1514252,1699112395968,72768,33312,31141,1699112396000,2023-11-04T15:39:55.915Z,0.024764,0.024765,6155.0,16145.0,114844,59766
0.024765,4602.0,1514252,1699112395968,72768,33312,31141,1699112396100,2023-11-04T15:39:56.024Z,0.024764,0.024765,6155.0,11543.0,114845,59766
0.024765,4602.0,1514252,1699112395968,72768,33312,31141,1699112396200,2023-11-04T15:39:56.120Z,0.024764,0.024765,6155.0,11543.0,114846,59766
0.024765,4602.0,1514252,1699112395968,72768,33312,31141,1699112396300,2023-11-04T15:39:56.216Z,0.024764,0.024765,6155.0,11543.0,114847,59766
0.024765,4602.0,1514252,1699112395968,72768,33312,31141,1699112396400,2023-11-04T15:39:56.314Z,0.024764,0.024765,6155.0,11543.0,114848,59766
0.024765,4602.0,1514252,1699112395968,72768,33312,31141,1699112396500,2023-11-04T15:39:56.414Z,0.024764,0.024765,6155.0,11543.0,114849,59766
0.024765,4602.0,1514252,1699112395968,72768,33312,31141,1699112396600,2023-11-04T15:39:56.519Z,0.024764,0.024765,6155.0,11543.0,114850,59766
0.024765,4602.0,1514252,1699112395968,72768,33312,31141,1699112396700,2023-11-04T15:39:56.617Z,0.024764,0.024765,6155.0,11543.0,114851,59766
0.024765,4602.0,1514252,1699112395968,72768,33312,31141,1699112396800,2023-11-04T15:39:56.718Z,0.024764,0.024767,6155.0,16886.0,114852,59766
0.024765,4602.0,1514252,1699112395968,72768,33312,31141,1699112396900,2023-11-04T15:39:56.818Z,0.024764,0.024767,6155.0,16886.0,114853,59766
0.024765,4602.0,1514252,1699112395968,72768,33312,31141,1699112397000,2023-11-04T15:39:56.917Z,0.024764,0.024769,6155.0,16886.0,114854,59766
0.024765,4602.0,1514252,1699112395968,72768,33312,31141,1699112397100,2023-11-04T15:39:57.018Z,0.024764,0.024768,6155.0,8510.0,114855,59766
0.024765,4602.0,1514252,1699112395968,72768,33312,31141,1699112397200,2023-11-04T15:39:57.121Z,0.024764,0.024768,6155.0,8510.0,114856,59766
0.024765,4602.0,1514252,1699112395968,72768,33312,31141,1699112397300,2023-11-04T15:39:57.217Z,0.024764,0.024768,6155.0,8510.0,114857,59766
0.024765,,,,,,,1699112397400,,0.024764,0.024768,,,,
0.024764,1439.0,1514253,1699112397605,72769,33312,64807,1699112397500,2023-11-04T15:39:57.477Z,0.024764,0.024766,6155.0,29812.0,114858,59766
0.024764,1439.0,1514253,1699112397605,72769,33312,64807,1699112397600,2023-11-04T15:39:57.517Z,0.024764,0.024766,6155.0,29812.0,114859,59766
0.024764,1439.0,1514253,1699112397605,72769,33312,64807,1699112397700,2023-11-04T15:39:57.618Z,0.024764,0.024766,4716.0,29812.0,114860,59766
0.024764,,,,,,,1699112397800,,0.024764,0.024766,,,,
0.024764,1439.0,1514253,1699112397605,72769,33312,64807,1699112397900,2023-11-04T15:39:57.817Z,0.024764,0.024766,4716.0,29812.0,114861,59766
0.024764,,,,,,,1699112398000,,0.024764,0.024766,,,,
0.024764,,,,,,,1699112398100,,0.024764,0.024766,,,,
0.024764,,,,,,,1699112398200,,0.024764,0.024766,,,,
0.024764,1439.0,1514253,1699112397605,72769,33312,64807,1699112398300,2023-11-04T15:39:58.218Z,0.024764,0.024766,4716.0,29812.0,114862,59766
0.024764,,,,,,,1699112398400,,0.024764,0.024766,,,,
0.024764,,,,,,,1699112398500,,0.024764,0.024766,,,,
0.024764,1439.0,1514253,1699112397605,72769,33312,64807,1699112398600,2023-11-04T15:39:58.519Z,0.024764,0.024766,4716.0,29812.0,114863,59766
0.024764,,,,,,,1699112398700,,0.024764,0.024766,,,,
0.024764,,,,,,,1699112398800,,0.024764,0.024766,,,,
0.024764,,,,,,,1699112398900,,0.024764,0.024766,,,,
0.024764,1439.0,1514253,1699112397605,72769,33312,64807,1699112399000,2023-11-04T15:39:58.917Z,0.024764,0.024766,4716.0,29812.0,114864,59766
0.024764,,,,,,,1699112399100,,0.024764,0.024766,,,,
0.024764,,,,,,,1699112399200,,0.024764,0.024766,,,,
0.024764,1439.0,1514253,1699112397605,72769,33312,64807,1699112399300,2023-11-04T15:39:59.218Z,0.024764,0.024766,4716.0,29812.0,114865,59766
0.024764,1439.0,1514253,1699112397605,72769,33312,64807,1699112399400,2023-11-04T15:39:59.320Z,0.024764,0.024766,4716.0,29812.0,114866,59766
0.024764,1439.0,1514253,1699112397605,72769,33312,64807,1699112399500,2023-11-04T15:39:59.418Z,0.024764,0.024766,4716.0,29812.0,114867,59766
0.024764,1439.0,1514253,1699112397605,72769,33312,64807,1699112399600,2023-11-04T15:39:59.517Z,0.024765,0.024766,506.0,16886.0,114868,59766
0.024764,1439.0,1514253,1699112397605,72769,33312,64807,1699112399700,2023-11-04T15:39:59.617Z,0.024764,0.024766,4716.0,16886.0,114869,59766
0.024764,1439.0,1514253,1699112397605,72769,33312,64807,1699112399800,2023-11-04T15:39:59.719Z,0.024764,0.024765,4716.0,16886.0,114870,59766
0.024764,1439.0,1514253,1699112397605,72769,33312,64807,1699112399900,2023-11-04T15:39:59.823Z,0.024764,0.024765,4716.0,16886.0,114871,59766
0.024764,1439.0,1514253,1699112397605,72769,33312,64807,1699112400000,2023-11-04T15:39:59.918Z,0.024764,0.024766,4716.0,16886.0,114872,59766
0.024764,1439.0,1514253,1699112397605,72769,33312,64807,1699112400100,2023-11-04T15:40:00.019Z,0.024764,0.024766,4716.0,16886.0,114873,59766
0.024764,1439.0,1514253,1699112397605,72769,33312,64807,1699112400200,2023-11-04T15:40:00.122Z,0.024764,0.024765,4716.0,16886.0,114874,59766
0.024764,1439.0,1514253,1699112397605,72769,33312,64807,1699112400300,2023-11-04T15:40:00.219Z,0.024764,0.024765,4716.0,16886.0,114875,59766
0.024764,1439.0,1514253,1699112397605,72769,33312,64807,1699112400400,2023-11-04T15:40:00.318Z,0.024764,0.024766,4716.0,9196.0,114876,59766
0.024764,1439.0,1514253,1699112397605,72769,33312,64807,1699112400500,2023-11-04T15:40:00.418Z,0.024764,0.024765,4716.0,16886.0,114877,59766
0.024764,1439.0,1514253,1699112397605,72769,33312,64807,1699112400600,2023-11-04T15:40:00.519Z,0.024764,0.024765,4716.0,16886.0,114878,59766
0.024764,1439.0,1514253,1699112397605,72769,33312,64807,1699112400700,2023-11-04T15:40:00.619Z,0.024764,0.024766,4716.0,16886.0,114879,59766
0.024764,1439.0,1514253,1699112397605,72769,33312,64807,1699112400800,2023-11-04T15:40:00.716Z,0.024765,0.024766,506.0,16886.0,114880,59766
0.024764,1506.0,1514254,1699112400938,72770,33312,16968,1699112400900,2023-11-04T15:40:00.821Z,0.024765,0.024766,506.0,10040.0,114881,59766
0.024764,1506.0,1514254,1699112400938,72770,33312,16968,1699112401000,2023-11-04T15:40:00.920Z,0.024764,0.024765,4716.0,5262.0,114882,59766
